@article{adler2008perspective,
	title        = {Perspective-Professional work: The emergence of collaborative community},
	author       = {Adler, Paul S and Kwon, Seok-Woo and Heckscher, Charles},
	year         = 2008,
	journal      = {Organization Science},
	publisher    = {INFORMS},
	volume       = 19,
	number       = 2,
	pages        = {359--376},
}
@article{ahuja2000collaboration,
	title        = {Collaboration networks, structural holes, and innovation: A longitudinal study},
	author       = {Ahuja, Gautam},
	year         = 2000,
	journal      = {Administrative Science Quarterly},
	publisher    = {Sage Publications},
	volume       = 45,
	number       = 3,
	pages        = {425--455},
}
@incollection{ajzen1985intentions,
	title        = {From intentions to actions: A theory of planned behavior},
	author       = {Ajzen, Icek},
	year         = 1985,
	booktitle    = {Action control},
	publisher    = {Springer},
	pages        = {11--39},
}
@article{ajzen1991theory,
	title        = {The theory of planned behavior},
	author       = {Ajzen, Icek},
	year         = 1991,
	journal      = {Organizational Behavior and Human Decision Processes},
	volume       = 50,
	number       = 2,
	pages        = {179--211},
}
@article{al2021understanding,
	title        = {Understanding employees' innovative work behavior through interactionist perspective: the effects of working style, supportive noncontrolling supervision and job complexity},
	author       = {Al-Ghazali, Basheer M},
	year         = 2021,
	journal      = {European Journal of Innovation Management},
	publisher    = {Emerald Publishing Limited},
}
@article{alsharo2017virtual,
	title        = {Virtual team effectiveness: The role of knowledge sharing and trust},
	author       = {Alsharo, Mohammad and Gregg, Dawn and Ramirez, Ronald},
	year         = 2017,
	journal      = {Information \& Management},
	publisher    = {Elsevier},
	volume       = 54,
	number       = 4,
	pages        = {479--490},
}
@article{amabile1988model,
	title        = {A model of creativity and innovation in organizations},
	author       = {Amabile, Teresa M},
	year         = 1988,
	journal      = {Research in Organizational Behavior},
	volume       = 10,
	number       = 1,
	pages        = {123--167},
}
@article{amar2008descriptive,
	title        = {A descriptive model of innovation and creativity in organizations: a synthesis of research and practice},
	author       = {Amar, Amar Dev and Juneja, Januj A},
	year         = 2008,
	journal      = {Knowledge Management Research \& Practice},
	publisher    = {Nature Publishing Group},
	volume       = 6,
	number       = 4,
	pages        = {298--311},
}
@book{archer1998critical,
	title        = {Critical realism: Essential readings},
	year         = 1998,
	publisher    = {Routledge},
	editor       = {Archer, Margaret and Bhaskar, Roy and Collier, Andrew and Lawson, Tony and Norrie, Alan}
}
@webpage{archer2016what,
	title        = {What is Critical Realism?},
	author       = {Archer, Margaret and Decoteau, Claire and Gorski, Philip and Little, Daniel and Porpora, Doug},
	year         = 2016,
	url          = {http://www.asatheory.org/current-newsletter-online/what-is-critical-realism},
	accessed     = {25 November 2019},
	bdsk-url-1   = {http://www.asatheory.org/current-newsletter-online/what-is-critical-realism}
}
@inbook{argote2009superordinate,
	title        = {Superordinate identity and knowledge creation and transfer in organizations},
	author       = {Argote, Linda and Kane, Aim\'ee A},
	year         = 2009,
	booktitle    = {Knowledge Governance: Processes and Perspectives},
	publisher    = {Oxford University Press Oxford, UK},
	pages        = {166--190},
	editor       = {Foss, Nicolai J and Michailova, Snejina}
}
@article{ashleigh2007trust,
	title        = {Trust and technologies: Implications for organizational work practices},
	author       = {Ashleigh, Melanie J and Nandhakumar, Joe},
	year         = 2007,
	journal      = {Decision Support Systems},
	publisher    = {Elsevier},
	volume       = 43,
	number       = 2,
	pages        = {607--617},
}
@article{aspers2019qualitative,
	title        = {What is qualitative in qualitative research},
	author       = {Aspers, Patrik and Corte, Ugo},
	year         = 2019,
	journal      = {Qualitative sociology},
	publisher    = {Springer},
	volume       = 42,
	number       = 2,
	pages        = {139--160},
}
@manual{auguie2017gridextra,
	title        = {gridExtra: Miscellaneous Functions for "Grid" Graphics},
	author       = {Baptiste Auguie},
	year         = 2017,
	url          = {https://CRAN.R-project.org/package=gridExtra},
	note         = {R package version 2.3},
	bdsk-url-1   = {https://CRAN.R-project.org/package=gridExtra}
}
@article{axelrod1980effective,
	title        = {Effective choice in the prisoner's dilemma},
	author       = {Axelrod, Robert},
	year         = 1980,
	journal      = {Journal of Conflict Resolution},
	publisher    = {Sage Publications},
	volume       = 24,
	number       = 1,
	pages        = {3--25},
}
@article{axelrod1981evolution,
	title        = {The evolution of cooperation},
	author       = {Axelrod, Robert and Hamilton, William D},
	year         = 1981,
	journal      = {Science},
	volume       = 211,
	number       = 27,
	pages        = {1390--1396},
}
@article{bandura1977self,
	title        = {Self-efficacy: Toward a unifying theory of behavioral change},
	author       = {Bandura, A.},
	year         = 1977,
	journal      = {Psychological Review},
	publisher    = {American Psychological Association},
	volume       = 84,
	number       = 2,
	pages        = {191--195},
}
@article{bandura1982self,
	title        = {Self-efficacy mechanism in human agency},
	author       = {Bandura, Albert},
	year         = 1982,
	journal      = {American Psychologist},
	publisher    = {American Psychological Association},
	volume       = 37,
	number       = 2,
	pages        = {122--147},
}
@book{bandura1994self,
	title        = {Self-efficacy},
	author       = {Bandura, Albert},
	year         = 1994,
	publisher    = {Wiley Online Library},
}
@article{bandura1999social,
	title        = {Social cognitive theory: An agentic perspective},
	author       = {Bandura, Albert},
	year         = 1999,
	journal      = {Asian Journal of Social Psychology},
	publisher    = {Wiley Online Library},
	volume       = 2,
	number       = 1,
	pages        = {21--41},
}
@article{barabasi1999emergence,
	title        = {Emergence of scaling in random networks},
	author       = {Barab\'asi, Albert-L\'aszl\'o and Albert, R\'eka},
	year         = 1999,
	journal      = {Science},
	publisher    = {American Association for the Advancement of Science},
	volume       = 286,
	number       = 5439,
	pages        = {509--512},
}
@article{barnes2020social,
	title        = {Social determinants of adaptive and transformative responses to climate change},
	author       = {Barnes, Michele L and Wang, Peng and Cinner, Joshua E and Graham, Nicholas AJ and Guerrero, Angela M and Jasny, Lorien and Lau, Jacqueline and Sutcliffe, Sarah R and Zamborain-Mason, Jessica},
	year         = 2020,
	journal      = {Nature Climate Change},
	publisher    = {Nature Publishing Group},
	volume       = 10,
	number       = 9,
	pages        = {823--828},
}
@article{barney1991firm,
	title        = {Firm resources and sustained competitive advantage},
	author       = {Barney, Jay},
	year         = 1991,
	journal      = {Journal of Management},
	publisher    = {Sage Publications},
	volume       = 17,
	number       = 1,
	pages        = {99--120},
}
@book{bazeley2013qualitative,
	title        = {Qualitative data analysis with NVivo},
	author       = {Bazeley, Patricia and Jackson, Kristi},
	year         = 2013,
	publisher    = {Sage Publications},
}
@inbook{bellotti2014qualitative,
	title        = {Talking ties: Micro processes of local structures in friendship networks},
	author       = {Bellotti, Elisa},
	year         = 2014,
	month        = {August},
	booktitle    = {Qualitative Networks: Mixed Methods in Sociological Research},
	publisher    = {Taylor and Francis},
	pages        = {77--107},
	chapter      = 4,
}
@article{bennet2008depth,
	title        = {The depth of knowledge: surface, shallow or deep?},
	author       = {Bennet, David and Bennet, Alex},
	year         = 2008,
	journal      = {Vine},
	publisher    = {Emerald Group Publishing Limited},
	volume       = 38,
	number       = 4,
	pages        = {405--420},
}
@article{bergami2000self,
	title        = {Self-categorization, affective commitment and group self-esteem as distinct aspects of social identity in the organization},
	author       = {Bergami, Massimo and Bagozzi, Richard P},
	year         = 2000,
	journal      = {British Journal of Social Psychology},
	publisher    = {Wiley Online Library},
	volume       = 39,
	number       = 4,
	pages        = {555--577},
}
@inbook{bessant2013innovation,
	title        = {Innovation management and dynamic capability},
	author       = {Bessant, John and Phillips, Wendy},
	year         = 2013,
	booktitle    = {The Sage Handbook of Strategic Supply Management},
	publisher    = {Sage Publications},
	pages        = {353--371},
	chapter      = 15,
	editor       = {Christine Harland and Guido Nassimbeni and Eugene Schneller}
}
@book{bhaskar2013realist,
	title        = {A realist theory of science},
	author       = {Bhaskar, Roy},
	year         = 2013,
	publisher    = {Routledge},
}
@article{biancani2014semiformal,
	title        = {The Semiformal Organization},
	author       = {Biancani, Susan and McFarland, Daniel A and Dahlander, Linus},
	year         = 2014,
	journal      = {Organization Science},
	publisher    = {INFORMS},
}
@article{bigliardi2021past,
	title        = {The past, present and future of open innovation},
	author       = {Bigliardi, Barbara and Ferraro, Giovanna and Filippelli, Serena and Galati, Francesco},
	year         = 2021,
	journal      = {European Journal of Innovation Management},
	publisher    = {Emerald Publishing Limited},
}
@article{blais1987epistemic,
	title        = {Epistemic tit for tat},
	author       = {Blais, Michel J},
	year         = 1987,
	journal      = {The Journal of Philosophy},
	publisher    = {JSTOR},
	volume       = 84,
	number       = 7,
	pages        = {363--375},
}
@book{blau1964exchange,
	title        = {Exchange and power in social life},
	author       = {Blau, Peter Michael},
	year         = 1964,
	publisher    = {Transaction Publishers},
}
@article{bock2005behavioral,
	title        = {Behavioral intention formation in knowledge sharing: Examining the roles of extrinsic motivators, social-psychological forces, and organizational climate},
	author       = {Bock, Gee-Woo and Zmud, Robert W and Kim, Young-Gul and Lee, Jae-Nam},
	year         = 2005,
	journal      = {MIS Quarterly},
	publisher    = {JSTOR},
	pages        = {87--111},
}
@article{bogers2018human,
	title        = {The {\enquote{human side}} of open innovation: The role of employee diversity in firm-level openness},
	author       = {Bogers, Marcel and Foss, Nicolai J and Lyngsie, Jacob},
	year         = 2018,
	journal      = {Research Policy},
	publisher    = {Elsevier},
	volume       = 47,
	number       = 1,
	pages        = {218--231},
}
@manual{bojanowski2015intergraph,
	title        = {intergraph: Coercion Routines for Network Data Objects},
	author       = {Michal Bojanowski},
	year         = 2015,
	url          = {http://mbojan.github.io/intergraph},
	note         = {R package version 2.0-2},
	bdsk-url-1   = {http://mbojan.github.io/intergraph}
}
@incollection{bolisani2018elusive,
	title        = {The elusive definition of knowledge},
	author       = {Bolisani, Ettore and Bratianu, Constantin},
	year         = 2018,
	booktitle    = {Emergent Knowledge Strategies},
	publisher    = {Springer},
	pages        = {1--22},
}
@article{bonacich1987power,
	title        = {Power and centrality: A family of measures},
	author       = {Bonacich, Phillip},
	year         = 1987,
	journal      = {American Journal of Sociology},
	publisher    = {University of Chicago Press},
	volume       = 92,
	number       = 5,
	pages        = {1170--1182},
}
@article{bonacich2009structural,
	title        = {Structural implications of reciprocal exchange: A power-dependence approach},
	author       = {Bonacich, Phillip and Bienenstock, Elisa Jayne},
	year         = 2009,
	journal      = {Social Psychology Quarterly},
	publisher    = {Sage Publications},
	volume       = 72,
	number       = 3,
	pages        = {226--240},
}
@article{bordum2002tacit,
	title        = {From tacit knowing to tacit knowledge--emancipation or ideology?},
	author       = {Bordum, Anders},
	year         = 2002,
	journal      = {Critical Quarterly},
	publisher    = {Wiley Online Library},
	volume       = 44,
	number       = 3,
	pages        = {50--54},
}
@misc{borgatti2002ucinet,
	title        = {{UCINET 6 for Windows: Software for Social Network Analysis}},
	author       = {Borgatti, S.P. and Everett, M.G. and Freeman, L.C.},
	year         = 2002,
	publisher    = {Analytic Technologies},
	address      = {Harvard, MA, USA}
}
@book{borgatti2013analyzing,
	title        = {Analyzing social networks},
	author       = {Borgatti, Stephen P and Everett, Martin G and Johnson, Jeffrey C},
	year         = 2013,
	publisher    = {Sage Publications},
}
@article{borges2012tacit,
	title        = {Tacit knowledge sharing between IT workers: The role of organizational culture, personality, and social environment},
	author       = {Borges, Renata},
	year         = 2012,
	journal      = {Management Research Review},
	publisher    = {Emerald Group Publishing Limited},
	volume       = 36,
	number       = 1,
	pages        = {89--108},
}
@article{brennecke2017firm,
	title        = {The firm's knowledge network and the transfer of advice among corporate inventors--A multilevel network study},
	author       = {Brennecke, Julia and Rank, Olaf},
	year         = 2017,
	journal      = {Research Policy},
	publisher    = {Elsevier},
	volume       = 46,
	number       = 4,
	pages        = {768--783},
}
@article{brown1991organizational,
	title        = {Organizational learning and communities-of-practice: Toward a unified view of working, learning, and innovation},
	author       = {Brown, John Seely and Duguid, Paul},
	year         = 1991,
	journal      = {Organization Science},
	publisher    = {INFORMS},
	volume       = 2,
	number       = 1,
	pages        = {40--57},
}
@article{brown1997art,
	title        = {The art of continuous change: Linking complexity theory and time-paced evolution in relentlessly shifting organizations},
	author       = {Brown, Shona L and Eisenhardt, Kathleen M},
	year         = 1997,
	journal      = {Administrative Science Quarterly},
	publisher    = {JSTOR},
	pages        = {1--34},
}
@article{brown2001knowledge,
	title        = {Knowledge and organization: A social-practice perspective},
	author       = {Brown, John Seely and Duguid, Paul},
	year         = 2001,
	journal      = {Organization Science},
	publisher    = {INFORMS},
	volume       = 12,
	number       = 2,
	pages        = {198--213},
}
@article{burke2016temporary,
	title        = {On temporary organizations: A review, synthesis and research agenda},
	author       = {Burke, Catriona M and Morley, Michael J},
	year         = 2016,
	journal      = {Human Relations},
	publisher    = {Sage Publications},
	volume       = 69,
	number       = 6,
	pages        = {1235--1258},
}
@book{burt1992structural,
	title        = {Structural holes: The social structure of competition},
	author       = {Burt, Ronald S},
	year         = 1992,
	publisher    = {Harvard University Press},
	pages        = {275--290},
}
@article{burt2000network,
	title        = {The network structure of social capital},
	author       = {Burt, Ronald S},
	year         = 2000,
	journal      = {Research in Organizational Behavior},
	publisher    = {Elsevier},
	volume       = 22,
	pages        = {345--423},
}
@article{burt2001structural,
	title        = {Structural holes versus network closure as social capital},
	author       = {Burt, Ronald S},
	year         = 2001,
	journal      = {Social capital: Theory and research},
	pages        = {31--56},
}
@article{burt2004structural,
	title        = {Structural holes and good ideas},
	author       = {Burt, Ronald S},
	year         = 2004,
	journal      = {American Journal of Sociology},
	publisher    = {JSTOR},
	volume       = 110,
	number       = 2,
	pages        = {349--399},
}
@book{burt2005brokerage,
	title        = {Brokerage and closure: An introduction to social capital},
	author       = {Burt, Ronald S},
	year         = 2005,
	publisher    = {OUP Oxford},
}
@article{burt2007secondhand,
	title        = {Secondhand brokerage: Evidence on the importance of local structure for managers, bankers, and analysts},
	author       = {Burt, R.S.},
	year         = 2007,
	journal      = {The Academy of Management Journal},
	publisher    = {Academy of Management},
	volume       = 50,
	number       = 1,
	pages        = {119--148},
}
@inproceedings{busch2000graphically,
	title        = {Graphically defining articulable tacit knowledge},
	author       = {Busch, Peter and Richards, Debbie},
	year         = 2000,
	booktitle    = {Selected papers from the Pan-Sydney workshop on Visualisation-Volume 2},
	pages        = {51--60},
	organization = {Australian Computer Society, Inc.}
}
@manual{butts2008network,
	title        = {network: a Package for Managing Relational Data in R.},
	author       = {Carter T. Butts},
	year         = 2008,
	journal      = {Journal of Statistical Software},
	volume       = 24,
	number       = 2,
	url          = {http://www.jstatsoft.org/v24/i02/paper},
	bdsk-url-1   = {http://www.jstatsoft.org/v24/i02/paper}
}
@manual{butts2016sna,
	title        = {sna: Tools for Social Network Analysis},
	author       = {Carter T. Butts},
	year         = 2020,
	url          = {https://CRAN.R-project.org/package=sna},
	note         = {R package version 2.6},
	bdsk-url-1   = {https://CRAN.R-project.org/package=sna}
}
@article{bygstad2016identifying,
	title        = {Identifying generative mechanisms through affordances: a framework for critical realist data analysis},
	author       = {Bygstad, Bendik and Munkvold, Bj{\o}rn Erik and Volkoff, Olga},
	year         = 2016,
	journal      = {Journal of Information Technology},
	publisher    = {Sage Publications},
	volume       = 31,
	number       = 1,
	pages        = {83--96},
}
@article{cabrera2006determinants,
	title        = {Determinants of individual engagement in knowledge sharing},
	author       = {Cabrera, Angel and Collins, William C and Salgado, Jes\'us F},
	year         = 2006,
	journal      = {The International Journal of Human Resource Management},
	publisher    = {Taylor \& Francis},
	volume       = 17,
	number       = 2,
	pages        = {245--264},
}
@article{castelfranchi2008trust,
	title        = {Trust and reciprocity: misunderstandings},
	author       = {Castelfranchi, Cristiano},
	year         = 2008,
	journal      = {International Review of Economics},
	publisher    = {Springer},
	volume       = 55,
	number       = {1-2},
	pages        = {45--63},
}
@article{cavusgil2003tacit,
	title        = {Tacit knowledge transfer and firm innovation capability},
	author       = {Cavusgil, S Tamer and Calantone, Roger J and Zhao, Yushan},
	year         = 2003,
	journal      = {Journal of Business \& Industrial Marketing},
	publisher    = {MCB UP Ltd},
	volume       = 18,
	number       = 1,
	pages        = {6--21},
}
@article{chesbrough2009open,
	title        = {How open innovation can help you cope in lean times},
	author       = {Chesbrough, Henry W and Garman, Andrew R},
	year         = 2009,
	journal      = {Harvard Business Review},
	volume       = 87,
	number       = 12,
	pages        = {68--76},
}
@article{chesbrough2012open,
	title        = {Open innovation: where weve been and where were going},
	author       = {Chesbrough, Henry},
	year         = 2012,
	journal      = {Research-Technology Management},
	publisher    = {Industrial Research Institute, Inc},
	volume       = 55,
	number       = 4,
	pages        = {20--27},
}
@inbook{chesbrough2014explicating,
	title        = {New Frontiers in Open Innovation},
	author       = {Chesbrough, Henry and Bogers, Marcel},
	year         = 2014,
	booktitle    = {New frontiers in open innovation},
	publisher    = {Oxford University Press},
	pages        = {3--28},
	chapter      = {Explicating Open Innovation: Clarifying an Emerging Paradigm for Understanding Innovation},
	editor       = {Chesbrough, Henry and Vanhaverbeke, Wim and West, Joel}
}
@article{chesbrough2017future,
	title        = {The Future of Open Innovation: The future of open innovation is more extensive, more collaborative, and more engaged with a wider variety of participants.},
	author       = {Chesbrough, Henry},
	year         = 2017,
	journal      = {Research-Technology Management},
	publisher    = {Taylor \& Francis},
	volume       = 60,
	number       = 1,
	pages        = {35--38},
}
@article{chesbrough2018value,
	title        = {Value creation and value capture in open innovation},
	author       = {Chesbrough, Henry and Lettl, Christopher and Ritter, Thomas},
	year         = 2018,
	journal      = {Journal of Product Innovation Management},
	publisher    = {Wiley Online Library},
	volume       = 35,
	number       = 6,
	pages        = {930--938},
}
@article{chiambaretto2019all,
	title        = {{\enquote{All for One and One for All?}} -- Knowledge broker roles in managing tensions of internal coopetition: The Ubisoft case},
	author       = {Chiambaretto, Paul and Mass\'e, David and Mirc, Nicola},
	year         = 2019,
	journal      = {Research Policy},
	publisher    = {Elsevier},
	volume       = 48,
	number       = 3,
	pages        = {584--600},
}
@article{chiaroni2011open,
	title        = {The Open Innovation Journey: How firms dynamically implement the emerging innovation management paradigm},
	author       = {Chiaroni, Davide and Chiesa, Vittorio and Frattini, Federico},
	year         = 2011,
	journal      = {Technovation},
	publisher    = {Elsevier},
	volume       = 31,
	number       = 1,
	pages        = {34--43},
}
@inbook{chilisa2012selecting,
	title        = {Selecting a research approach: paradigm, methodology, and methods},
	author       = {Chilisa, Bagele and Kawulich, B},
	year         = 2012,
	booktitle    = {Doing social research: A global context},
	publisher    = {McGraw-Hill Higher Education},
	pages        = {51--61},
	editor       = {Wagner, Claire and Kawulich, Barbara and Garner, Mark}
}
@inproceedings{chung2005exploring,
	title        = {Exploring sociocentric and egocentric approaches for social network analysis},
	author       = {Chung, K.K.S. and Hossain, L. and Davis, J.},
	year         = 2005,
	booktitle    = {Proceedings of the 2nd international conference on knowledge management in Asia Pacific},
}
@mastersthesis{cococcioni2014exploring,
	title        = {Exploring Project Management in Open Innovation Projects},
	author       = {Cococoioni, Francesca and De Giudici, Lucovico},
	year         = 2014,
	school       = {Chalmers University of Technology}
}
@article{cohen1989innovation,
	title        = {Innovation and learning: the two faces of R \& D},
	author       = {Cohen, Wesley M and Levinthal, Daniel A},
	year         = 1989,
	journal      = {The Economic Journal},
	publisher    = {JSTOR},
	pages        = {569--596},
}
@article{cohen1990absorptive,
	title        = {Absorptive capacity: a new perspective on learning and innovation},
	author       = {Cohen, Wesley M and Levinthal, Daniel A},
	year         = 1990,
	journal      = {Administrative Science Quarterly},
	volume       = 35,
	number       = 1,
	pages        = {128--152},
}
@article{coleman1988social,
	title        = {Social Capital in the Creation of Human Capital},
	author       = {Coleman, James},
	year         = 1988,
	journal      = {American Journal of Sociology},
	volume       = 94,
	pages        = {S95--S12},
}
@book{coleman1990foundations,
	title        = {Foundations of Social Theory.},
	author       = {Coleman, James S},
	year         = 1990,
	publisher    = {Harvard University Press},
}
@article{conger1988empowerment,
	title        = {The empowerment process: Integrating theory and practice},
	author       = {Conger, Jay A and Kanungo, Rabindra N},
	year         = 1988,
	journal      = {Academy of Management Review},
	publisher    = {Academy of Management},
	volume       = 13,
	number       = 3,
	pages        = {471--482},
}
@article{cook1999bridging,
	title        = {Bridging epistemologies: The generative dance between organizational knowledge and organizational knowing},
	author       = {Cook, Scott DN and Brown, John Seely},
	year         = 1999,
	journal      = {Organization Science},
	publisher    = {INFORMS},
	volume       = 10,
	number       = 4,
	pages        = {381--400},
}
@incollection{cook2013social,
	title        = {Social exchange theory},
	author       = {Cook, Karen S and Cheshire, Coye and Rice, Eric RW and Nakagawa, Sandra},
	year         = 2013,
	booktitle    = {Handbook of Social Psychology},
	publisher    = {Springer},
	series       = {Handbooks of Sociology and Social Research},
	pages        = {61--88},
	editor       = {DeLamater, John and Ward, Amanda}
}
@manual{core2018r,
	title        = {R: A Language and Environment for Statistical Computing},
	author       = {R Core Team},
	year         = 2018,
	address      = {Vienna, Austria},
	url          = {https://www.R-project.org/},
	organization = {R Foundation for Statistical Computing},
	bdsk-url-1   = {https://www.R-project.org/}
}
@book{cox2017translating,
	title        = {Translating statistics to make decisions},
	author       = {Cox, Victoria},
	year         = 2017,
	publisher    = {Springer},
}
@article{crawford2001web,
	title        = {Web surveys: Perceptions of burden},
	author       = {Crawford, Scott D and Couper, Mick P and Lamias, Mark J},
	year         = 2001,
	journal      = {Social Science Computer Review},
	publisher    = {Sage Publications},
	volume       = 19,
	number       = 2,
	pages        = {146--162},
}
@book{creswell2011designing,
	title        = {Designing and conducting mixed methods research},
	author       = {Creswell, John W and Plano Clark, Vicki L},
	year         = 2011,
	publisher    = {Sage Publications},
	edition      = {2nd}
}
@book{creswell2013research,
	title        = {Research design: Qualitative, quantitative, and mixed methods approaches},
	author       = {Creswell, John W},
	year         = 2013,
	publisher    = {Sage Publications},
	edition      = {4th}
}
@article{cropanzano2016social,
	title        = {Social exchange theory: A critical review with theoretical remedies},
	author       = {Cropanzano, Russell and Anthony, Erica and Daniels, Shanna and Hall, Alison},
	year         = 2017,
	journal      = {Academy of Management Annals},
	publisher    = {Academy of Management},
	volume       = 11,
	number       = 1,
	pages        = {479--515},
}
@article{cross2001beyond,
	title        = {Beyond answers: dimensions of the advice network},
	author       = {Cross, Rob and Borgatti, Stephen P and Parker, Andrew},
	year         = 2001,
	journal      = {Social Networks},
	publisher    = {Elsevier},
	volume       = 23,
	number       = 3,
	pages        = {215--235},
}
@article{cross2001knowing,
	title        = {Knowing what we know: Supporting knowledge creation and sharing in social networks},
	author       = {Cross, Rob and Parker, Andrew and Prusak, Laurence and Borgatti, Stephen P},
	year         = 2001,
	journal      = {Organizational Dynamics},
	publisher    = {Pergamon},
	volume       = 30,
	number       = 2,
	pages        = {100--120},
}
@article{crossley2010social,
	title        = {The social world of the network. Combining qualitative and quantitative elements in social network analysis},
	author       = {Crossley, Nick},
	year         = 2010,
	journal      = {Sociologica},
	publisher    = {Societ\`a editrice il Mulino},
	volume       = 4,
	number       = 1,
	pages        = {1--34},
}
@book{crotty1998foundations,
	title        = {The foundations of social research: Meaning and perspective in the research process},
	author       = {Crotty, Michael},
	year         = 1998,
	publisher    = {Sage},
}
@article{crowe2011case,
	title        = {The case study approach},
	author       = {Crowe, Sarah and Cresswell, Kathrin and Robertson, Ann and Huby, Guro and Avery, Anthony and Sheikh, Aziz},
	year         = 2011,
	journal      = {BMC Medical Research Methodology},
	publisher    = {Springer},
	volume       = 11,
	number       = 1,
	pages        = {1--9},
}
@manual{dahl2019xtable,
	title        = {xtable: Export Tables to LaTeX or HTML},
	author       = {David B. Dahl and David Scott and Charles Roosen and Arni Magnusson and Jonathan Swinton},
	year         = 2019,
	url          = {https://CRAN.R-project.org/package=xtable},
	note         = {R package version 1.8-4},
	bdsk-url-1   = {https://CRAN.R-project.org/package=xtable}
}
@article{dahlander2010open,
	title        = {How open is innovation?},
	author       = {Dahlander, Linus and Gann, David M},
	year         = 2010,
	journal      = {Research policy},
	publisher    = {Elsevier},
	volume       = 39,
	number       = 6,
	pages        = {699--709},
}
@book{davenport1998working,
	title        = {Working knowledge: How organizations manage what they know},
	author       = {Davenport, Thomas H and Prusak, Laurence},
	year         = 1998,
	publisher    = {Harvard Business Press},
}
@techreport{davis1967structure,
	title        = {The structure of positive interpersonal relations in small groups.},
	author       = {Davis, James A and Leinhardt, Samuel},
	year         = 1967,
	institution  = {Dartmouth College}
}
@techreport{davis2010agency,
	title        = {Agency and knowledge problems in network dynamics: brokers and bridges in innovative interorganizational relationships},
	author       = {Davis, Jason P},
	year         = 2010,
	institution  = {MIT Sloan School},
	type         = {Working Paper}
}
@book{de2011exploratory,
	title        = {Exploratory social network analysis with Pajek},
	author       = {De Nooy, Wouter and Mrvar, Andrej and Batagelj, Vladimir},
	year         = 2011,
	publisher    = {Cambridge University Press},
	volume       = 27,
}
@article{de2016knowledge,
	title        = {Knowledge inflows from market- and science-based actors, absorptive capacity, innovation and performance: A study of SMEs},
	author       = {De Zubielqui, Graciela Corral and Jones, Janice and Lester, Laurence},
	year         = 2016,
	journal      = {International Journal of Innovation Management},
	publisher    = {World Scientific Publishing},
	volume       = 20,
	number       = 5,
	pages        = 31,
}
@incollection{deci1985conceptualizations,
	title        = {Conceptualizations of intrinsic motivation and self-determination},
	author       = {Deci, Edward L and Ryan, Richard M},
	year         = 1985,
	booktitle    = {Intrinsic motivation and self-determination in human behavior},
	publisher    = {Springer},
	pages        = {11--40},
}
@article{deci1985general,
	title        = {The general causality orientations scale: Self-determination in personality},
	author       = {Deci, Edward L and Ryan, Richard M},
	year         = 1985,
	journal      = {Journal of research in personality},
	publisher    = {Elsevier},
	volume       = 19,
	number       = 2,
	pages        = {109--134},
}
@article{deci1989self,
	title        = {Self-determination in a work organization},
	author       = {Deci, Edward L and Connell, James P and Ryan, Richard M},
	year         = 1989,
	journal      = {Journal of Applied Psychology},
	publisher    = {American Psychological Association},
	volume       = 74,
	number       = 4,
	pages        = {580--590},
}
@article{deci2001need,
	title        = {Need satisfaction, motivation, and well-being in the work organizations of a former eastern bloc country: A cross-cultural study of self-determination},
	author       = {Deci, Edward L and Ryan, Richard M and Gagn\'e, Maryl\`ene and Leone, Dean R and Usunov, Julian and Kornazheva, Boyanka P},
	year         = 2001,
	journal      = {Personality and Social Psychology Bulletin},
	publisher    = {Sage Publications},
	volume       = 27,
	number       = 8,
	pages        = {930--942},
}
@article{dell2015absorptive,
	title        = {Absorptive and desorptive capacity of actors within university-industry relations: does technology transfer matter?},
	author       = {Dell'Anno, Davide and Del Giudice, Manlio},
	year         = 2015,
	journal      = {Journal of Innovation and Entrepreneurship},
	publisher    = {SpringerOpen},
	volume       = 4,
	number       = 1,
	pages        = 13,
}
@article{denford2018absorption,
	title        = {Absorption, combination and desorption: knowledge-oriented boundary spanning capacities},
	author       = {Denford, James Stephen and Ferriss, Allan},
	year         = 2018,
	journal      = {Journal of Knowledge Management},
	publisher    = {Emerald Publishing Limited},
}
@book{diamond1988foucault,
	title        = {Foucault and feminism: Reflections on resistance},
	author       = {Diamond, Irene and Quinby, Lee},
	year         = 1988,
	publisher    = {Boston: Northeastern University Press},
}
@conference{ding2015research,
	title        = {Research on Tacit Knowledge-Sharing Willingness in Trust Perspective--Empirical Analysis on Communication Enterprises},
	author       = {Ding, CQ and Xue, J and Yuan, J},
	year         = 2015,
	booktitle    = {International Conference of Electrical, Automation and Mechanical Engineering},
}
@article{dokko2014one,
	title        = {One of us or one of my friends: How social identity and tie strength shape the creative generativity of boundary-spanning ties},
	author       = {Dokko, Gina and Kane, Aim{\'e}e A and Tortoriello, Marco},
	year         = 2014,
	journal      = {Organization Studies},
	publisher    = {Sage Publications},
	volume       = 35,
	number       = 5,
	pages        = {703--726},
}
@article{dragsdahl2019perspective,
	title        = {Perspective: Leveraging Open Innovation through Paradox},
	author       = {Dragsdahl Lauritzen, Ghita and Karafyllia, Maria},
	year         = 2019,
	journal      = {Journal of Product Innovation Management},
	publisher    = {Wiley Online Library},
	volume       = 36,
	number       = 1,
	pages        = {107--121},
}
@article{duguid2005art,
	title        = {{\enquote{The Art of Knowing}}: Social and tacit dimensions of knowledge and the limits of the community of practice},
	author       = {Duguid, Paul},
	year         = 2005,
	journal      = {The Information Aociety},
	publisher    = {Taylor \& Francis},
	volume       = 21,
	number       = 2,
	pages        = {109--118},
}
@book{dumbach2014establishing,
	title        = {Establishing Corporate Innovation Communities: A Social Capital Perspective},
	author       = {Dumbach, Martin},
	year         = 2014,
	publisher    = {Imprint: Springer Gabler},
}
@article{dyer1998relational,
	title        = {The relational view: cooperative strategy and sources of interorganizational competitive advantage},
	author       = {Dyer, Jeffrey H and Singh, Harbir},
	year         = 1998,
	journal      = {Academy of Management Review},
	publisher    = {Academy of Management},
	volume       = 23,
	number       = 4,
	pages        = {660--679},
}
@article{easterby2008absorptive,
	title        = {Absorptive capacity: A process perspective},
	author       = {{Easterby-Smith}, Mark and Gra\c{c}a, Manuel and Antonacopoulou, Elena and Ferdinand, Jason},
	year         = 2008,
	journal      = {Management Learning},
	publisher    = {Sage Publications},
	volume       = 39,
	number       = 5,
	pages        = {483--501},
}
@book{easterby2015management,
	title        = {Management and business research},
	author       = {Easterby-Smith, Mark and Thorpe, Richard and Jackson, Paul R},
	year         = 2015,
	publisher    = {Sage},
}
@incollection{edwards2017working,
	title        = {Working relationally on complex problems: Building capacity for joint agency in new forms of work},
	author       = {Edwards, Anne and Montecinos, Carmen and C{\'a}diz, Jennifer and Jorratt, Paloma and Manriquez, Lizette and Rojas, Carolina},
	year         = 2017,
	booktitle    = {Agency at work},
	publisher    = {Springer},
	pages        = {229--247},
}
@article{eisenhardt1989building,
	title        = {Building theories from case study research},
	author       = {Eisenhardt, Kathleen M},
	year         = 1989,
	journal      = {Academy of Management Review},
	publisher    = {Academy of Management},
	volume       = 14,
	number       = 4,
	pages        = {532--550},
}
@article{elder2008searching,
	title        = {Searching for realism, structure and agency in Actor Network Theory},
	author       = {Elder-Vass, Dave},
	year         = 2008,
	journal      = {The British Journal of Sociology},
	publisher    = {Wiley Online Library},
	volume       = 59,
	number       = 3,
	pages        = {455--473},
}
@book{elder2010causal,
	title        = {The causal power of social structures: Emergence, structure and agency},
	author       = {Elder-Vass, Dave},
	year         = 2010,
	publisher    = {Cambridge University Press},
}
@article{emerson1962power,
	title        = {Power-dependence relations},
	author       = {Emerson, Richard M},
	year         = 1962,
	journal      = {American Sociological Review},
	publisher    = {JSTOR},
	pages        = {31--41},
}
@article{emirbayer1994network,
	title        = {Network analysis, culture, and the problem of agency},
	author       = {Emirbayer, Mustafa and Goodwin, Jeff},
	year         = 1994,
	journal      = {American Journal of Sociology},
	publisher    = {JSTOR},
	pages        = {1411--1454},
}
@article{emirbayer1998agency,
	title        = {What is agency?},
	author       = {Emirbayer, Mustafa and Mische, Ann},
	year         = 1998,
	journal      = {American Journal of Sociology},
	publisher    = {The University of Chicago Press},
	volume       = 103,
	number       = 4,
	pages        = {962--1023},
}
@article{endres2007tacit,
	title        = {Tacit knowledge sharing, self-efficacy theory, and application to the Open Source community},
	author       = {Lee Endres, Megan and Endres, Steven P and Chowdhury, Sanjib K and Alam, Intakhab},
	year         = 2007,
	journal      = {Journal of Knowledge Management},
	publisher    = {Emerald Group Publishing Limited},
	volume       = 11,
	number       = 3,
	pages        = {92--103},
}
@article{enkel2009open,
	title        = {Open R\&D and open innovation: exploring the phenomenon},
	author       = {Enkel, Ellen and Gassmann, Oliver and Chesbrough, Henry},
	year         = 2009,
	journal      = {R\&D Management},
	publisher    = {Wiley Online Library},
	volume       = 39,
	number       = 4,
	pages        = {311--316},
}
@article{erdos1959random,
	title        = {On random graphs},
	author       = {Erd{\H{o}}s, Paul and R{\'e}nyi, Alfr{\'e}d},
	year         = 1959,
	journal      = {Publicationes Mathematicae},
	volume       = 6,
	pages        = {290--297},
}
@article{ettlie1984organization,
	title        = {Organization strategy and structural differences for radical versus incremental innovation},
	author       = {Ettlie, John E and Bridges, William P and O'Keefe, Robert D},
	year         = 1984,
	journal      = {Management Science},
	publisher    = {INFORMS},
	volume       = 30,
	number       = 6,
	pages        = {682--695},
}
@article{evans2005value,
	title        = {The value of online surveys},
	author       = {Evans, Joel R and Mathur, Anil},
	year         = 2005,
	journal      = {Internet Research},
	publisher    = {Emerald Group Publishing Limited},
	volume       = 15,
	number       = 2,
	pages        = {195--219},
}
@article{everett2016bridging,
	title        = {Bridging, brokerage and betweenness},
	author       = {Everett, Martin G and Valente, Thomas W},
	year         = 2016,
	journal      = {Social Networks},
	publisher    = {Elsevier},
	volume       = 44,
	pages        = {202--208},
}
@article{farmer2006developing,
	title        = {Developing and implementing a triangulation protocol for qualitative health research},
	author       = {Farmer, Tracy and Robinson, Kerry and Elliott, Susan J and Eyles, John},
	year         = 2006,
	journal      = {Qualitative Health Research},
	publisher    = {Sage Publications},
	volume       = 16,
	number       = 3,
	pages        = {377--394},
}
@article{fichter2009innovation,
	title        = {Innovation communities: the role of networks of promotors in Open Innovation},
	author       = {Fichter, Klaus},
	year         = 2009,
	journal      = {R\&D Management},
	publisher    = {Wiley Online Library},
	volume       = 39,
	number       = 4,
	pages        = {357--371},
}
@article{fleming2007brokerage,
	title        = {Brokerage, boundary spanning, and leadership in open innovation communities},
	author       = {Fleming, Lee and Waguespack, David M},
	year         = 2007,
	journal      = {Organization Science},
	publisher    = {INFORMS},
	volume       = 18,
	number       = 2,
	pages        = {165--180},
}
@article{fleming2007collaborative,
	title        = {Collaborative brokerage, generative creativity, and creative success},
	author       = {Fleming, Lee and Mingo, Santiago and Chen, David},
	year         = 2007,
	journal      = {Administrative Science Quarterly},
	publisher    = {Sage Publications},
	volume       = 52,
	number       = 3,
	pages        = {443--475},
}
@article{fletcher2017applying,
	title        = {Applying critical realism in qualitative research: methodology meets method},
	author       = {Fletcher, Amber J},
	year         = 2017,
	journal      = {International Journal of Social Research Methodology},
	publisher    = {Taylor \& Francis},
	volume       = 20,
	number       = 2,
	pages        = {181--194},
}
@inproceedings{forastiere2018estimating,
	title        = {Estimating Causal Effects on Social Networks},
	author       = {L. Forastiere and F. Mealli and A. Wu and E. M. Airoldi},
	year         = 2018,
	month        = {Oct},
	booktitle    = {2018 IEEE 5th International Conference on Data Science and Advanced Analytics},
	publisher    = {IEEE},
	pages        = {60--69},
}
@book{foucault1980power,
	title        = {Power/knowledge: Selected interviews and other writings, 1972 -- 1977},
	author       = {Foucault, Michel},
	year         = 1980,
	publisher    = {Pantheon},
}
@article{frank1986markov,
	title        = {Markov graphs},
	author       = {Frank, Ove and Strauss, David},
	year         = 1986,
	journal      = {Journal of the American Statistical Association},
	publisher    = {Taylor \& Francis Group},
	volume       = 81,
	number       = 395,
	pages        = {832--842},
}
@article{freeman1979centrality,
	title        = {{}Centrality in social networks: II. Experimental results}},
	author       = {Freeman, Linton C and Roeder, Douglas and Mulholland, Robert R},
	year         = 1979,
	journal      = {Social Networks},
	publisher    = {North-Holland},
	volume       = 2,
	number       = 2,
	pages        = {119--141},
}
@incollection{fulmer2013trust,
	title        = {How do I trust thee? Dynamic trust patterns and their individual and social contextual determinants},
	author       = {Fulmer, C Ashley and Gelfand, Michele J},
	year         = 2013,
	booktitle    = {Models for intercultural collaboration and negotiation},
	publisher    = {Springer},
	pages        = {97--131},
}
@article{gagne2005self,
	title        = {Self-determination theory and work motivation},
	author       = {Gagn{\'e}, Maryl{\`e}ne and Deci, Edward L},
	year         = 2005,
	journal      = {Journal of Organizational Behavior},
	publisher    = {Wiley Online Library},
	volume       = 26,
	number       = 4,
	pages        = {331--362},
}
@article{gagne2009model,
	title        = {A model of knowledge-sharing motivation},
	author       = {Gagn\'e, Maryl\`ene},
	year         = 2009,
	journal      = {Human Resource Management},
	publisher    = {Wiley Online Library},
	volume       = 48,
	number       = 4,
	pages        = {571--589},
}
@article{gagne2015multidimensional,
	title        = {The multidimensional work motivation scale: Validation evidence in seven languages and nine countries},
	author       = {Gagn{\'e}, Maryl{\`e}ne and Forest, Jacques and Vansteenkiste, Maarten and Crevier-Braud, Laurence and Van den Broeck, Anja and Aspeli, Ann Kristin and Bellerose, Jenny and Benabou, Charles and Chemolli, Emanuela and G{\"u}ntert, Stefan Tomas and others},
	year         = 2015,
	journal      = {European Journal of Work and Organizational Psychology},
	publisher    = {Taylor \& Francis},
	volume       = 24,
	number       = 2,
	pages        = {178--196},
}
@article{gagne2019different,
	title        = {Different motivations for knowledge sharing and hiding: The role of motivating work design},
	author       = {Gagn\'e, Maryl\`ene and Tian, Amy Wei and Soo, Christine and Zhang, Bo and Ho, Khee Seng Benjamin and Hosszu, Katrina},
	year         = 2019,
	journal      = {Journal of Organizational Behavior},
	publisher    = {Wiley Online Library},
}
@article{gama2019managing,
	title        = {Managing collaborative ideation: The role of formal and informal appropriability mechanisms},
	author       = {Gama, F{\'a}bio},
	year         = 2019,
	journal      = {International Entrepreneurship and Management Journal},
	publisher    = {Springer},
	volume       = 15,
	number       = 1,
	pages        = {97--118},
}
@article{garrety2004integrating,
	title        = {Integrating communities of practice in technology development projects},
	author       = {Garrety, Karin and Robertson, Paul L and Badham, Richard},
	year         = 2004,
	journal      = {International Journal of Project Management},
	publisher    = {Elsevier},
	volume       = 22,
	number       = 5,
	pages        = {351--358},
}
@article{garud1997distinction,
	title        = {On the distinction between know-how, know-why, and know-what},
	author       = {Garud, Raghu},
	year         = 1997,
	journal      = {Advances in Strategic Management},
	volume       = 14,
	pages        = {81--101},
}
@article{garud2013perspectives,
	title        = {Perspectives on innovation processes},
	author       = {Garud, Raghu and Tuertscher, Philipp and Van de Ven, Andrew H},
	year         = 2013,
	journal      = {The Academy of Management Annals},
	publisher    = {Taylor \& Francis},
	volume       = 7,
	number       = 1,
	pages        = {775--819},
}
@inproceedings{gassmann2004towards,
	title        = {Towards a theory of open innovation: three core process archetypes},
	author       = {Gassmann, Oliver and Enkel, Ellen},
	year         = 2004,
	booktitle    = {R\&D Management Conference},
	pages        = {1--18},
}
@article{germain2014role,
	title        = {The role of swift trust in virtual teams and implications for human resource development},
	author       = {Germain, Marie-Line and McGuire, David},
	year         = 2014,
	journal      = {Advances in Developing Human Resources},
	publisher    = {Sage Publications},
	volume       = 16,
	number       = 3,
	pages        = {356--370},
}
@article{gertler2003tacit,
	title        = {Tacit knowledge and the economic geography of context, or the undefinable tacitness of being (there)},
	author       = {Gertler, Meric S},
	year         = 2003,
	journal      = {Journal of Economic Geography},
	publisher    = {Oxford Univ Press},
	volume       = 3,
	number       = 1,
	pages        = {75--99},
}
@book{giddens1984constitution,
	title        = {The constitution of society: Outline of the structuration theory},
	author       = {Giddens, Anthony},
	year         = 1984,
	publisher    = {Polity Press},
	pages        = 402,
}
@article{giddings2006mixed,
	title        = {Mixed-methods research: Positivism dressed in drag?},
	author       = {Giddings, Lynne S},
	year         = 2006,
	journal      = {Journal of Research in Nursing},
	publisher    = {Sage Publications},
	volume       = 11,
	number       = 3,
	pages        = {195--203},
}
@article{goffin2010managing,
	title        = {Managing lessons learned and tacit knowledge in new product development},
	author       = {Goffin, Keith and Koners, Ursula and Baxter, David and Van der Hoven, Chris},
	year         = 2010,
	journal      = {Research-Technology Management},
	publisher    = {Taylor \& Francis},
	volume       = 53,
	number       = 4,
	pages        = {39--51},
}
@article{goksel2017can,
	title        = {How can tacit knowledge be shared more in organizations? A multidimensional approach to the role of social capital and locus of control},
	author       = {G{\"o}ksel, Aykut and Ayd{\i}ntan, Belgin},
	year         = 2017,
	journal      = {Knowledge Management Research \& Practice},
	publisher    = {Springer},
	volume       = 15,
	number       = 1,
	pages        = {34--44},
}
@incollection{goller2017human,
	title        = {Human agency at work: Towards a clarification and operationalisation of the concept},
	author       = {Goller, Michael and Harteis, Christian},
	year         = 2017,
	booktitle    = {Agency at work},
	publisher    = {Springer},
	pages        = {85--103},
}
@article{gong2009employee,
	title        = {Employee learning orientation, transformational leadership, and employee creativity: The mediating role of employee creative self-efficacy},
	author       = {Gong, Yaping and Huang, Jia-Chi and Farh, Jiing-Lih},
	year         = 2009,
	journal      = {Academy of Management Journal},
	publisher    = {Academy of Management},
	volume       = 52,
	number       = 4,
	pages        = {765--778},
}
@article{gould1989structures,
	title        = {Structures of mediation: A formal approach to brokerage in transaction networks},
	author       = {Gould, Roger V and Fernandez, Roberto M},
	year         = 1989,
	journal      = {Sociological Methodology},
	publisher    = {JSTOR},
	volume       = 19,
	number       = 1989,
	pages        = {89--126},
}
@inproceedings{gourlay2002tacit,
	title        = {Tacit knowledge, tacit knowing, or behaving?},
	author       = {Gourlay, Stephen},
	year         = 2002,
	month        = {April},
	booktitle    = {The Third European Conference on Organizational Knowledge, Learning, and Capabilities (OKLC 2002)},
	address      = {Athens},
}
@article{granovetter1973strength,
	title        = {The Strength of Weak Ties},
	author       = {Granovetter, Mark},
	year         = 1973,
	journal      = {American Journal of Sociology},
	volume       = 78,
	number       = 6,
	pages        = {1360--1380},
}
@article{grant1996toward,
	title        = {Toward a knowledge-based theory of the firm},
	author       = {Grant, Robert M},
	year         = 1996,
	journal      = {Strategic Management Journal},
	publisher    = {Wiley Online Library},
	volume       = 17,
	number       = {S2},
	pages        = {109--122}
}
@article{greene2008mixed,
	title        = {Is mixed methods social inquiry a distinctive methodology?},
	author       = {Greene, Jennifer C},
	year         = 2008,
	journal      = {Journal of Mixed Methods Research},
	publisher    = {Sage Publications},
	volume       = 2,
	number       = 1,
	pages        = {7--22},
}
@article{grigoriou2014structural,
	title        = {Structural microfoundations of innovation the role of relational stars},
	author       = {Grigoriou, Konstantinos and Rothaermel, Frank T},
	year         = 2014,
	journal      = {Journal of Management},
	publisher    = {Sage Publications},
	volume       = 40,
	number       = 2,
	pages        = {586--615},
}
@article{grosser2019measuring,
	title        = {Measuring mediation and separation brokerage orientations: A further step toward studying the social network brokerage process},
	author       = {Grosser, Travis J and Obstfeld, David and Labianca, Giuseppe and Borgatti, Stephen P},
	year         = 2019,
	journal      = {Academy of Management Discoveries},
	publisher    = {Academy of Management Briarcliff Manor, NY},
	volume       = 5,
	number       = 2,
	pages        = {114--136},
}
@article{gubbins2021delineating,
	title        = {Delineating the tacit knowledge-seeking phase of knowledge sharing: The influence of relational social capital components},
	author       = {Gubbins, Claire and Dooley, Lawrence},
	year         = 2021,
	journal      = {Human Resource Development Quarterly},
	publisher    = {Wiley Online Library},
}
@inbook{guest2011applied,
	title        = {Applied Thematic Analysis},
	author       = {Guest, Greg and MacQueen, Kathleen M and Namey, Emily E},
	year         = 2011,
	booktitle    = {Sage Research Methods},
	publisher    = {Sage Publications},
	pages        = {49--78},
}
@article{gulati2011networks,
	title        = {How do networks matter? The performance effects of interorganizational networks},
	author       = {Gulati, Ranjay and Lavie, Dovev and Madhavan, Ravindranath Ravi},
	year         = 2011,
	journal      = {Research in Organizational Behavior},
	publisher    = {Elsevier},
	volume       = 31,
	pages        = {207--224},
}
@article{hahl2016knowledge,
	title        = {Knowledge asymmetry and brokerage: Linking network perception to position in structural holes},
	author       = {Hahl, Oliver and Kacperczyk, Aleksandra and Davis, Jason P},
	year         = 2016,
	journal      = {Strategic Organization},
	publisher    = {Sage Publications},
	volume       = 14,
	number       = 2,
	pages        = {118--143},
}
@article{haigh2019developing,
	title        = {Developing a critical realist informed framework to explain how the human rights and social determinants of health relationship works},
	author       = {Haigh, Fiona and Kemp, Lynn and Bazeley, Patricia and Haigh, Neil},
	year         = 2019,
	journal      = {BMC public health},
	publisher    = {BioMed Central},
	volume       = 19,
	number       = 1,
	pages        = {1--12},
}
@article{haldin2000difficulties,
	title        = {Difficulties in diffusion of tacit knowledge in organizations},
	author       = {Haldin-Herrgard, Tua},
	year         = 2000,
	journal      = {Journal of Intellectual Capital},
	publisher    = {MCB UP Ltd},
	volume       = 1,
	number       = 4,
	pages        = {357--365},
}
@book{hanneman2005introduction,
	title        = {Introduction to Social Network Methods},
	author       = {Hanneman, Robert A and Riddle, Mark},
	year         = 2005,
	publisher    = {University of California Riverside},
}
@article{hansen1999search,
	title        = {The search-transfer problem: The role of weak ties in sharing knowledge across organization subunits},
	author       = {Hansen, Morten T},
	year         = 1999,
	journal      = {Administrative Science Quarterly},
	publisher    = {Sage Publications},
	volume       = 44,
	number       = 1,
	pages        = {82--111},
}
@inbook{hargadon2014brokerage,
	title        = {Brokerage and Innovation},
	author       = {Hargadon, Andrew},
	year         = 2014,
	booktitle    = {The Oxford Handbook of Innovation Management},
	publisher    = {Oxford University Press},
	pages        = 163,
	editor       = {Mark Dodgson and David M. Gann and Nelson Phillips}
}
@book{harris2013introduction,
	title        = {An introduction to exponential random graph modeling},
	author       = {Harris, Jenine K},
	year         = 2013,
	publisher    = {Sage Publications},
	volume       = 173,
}
@article{hau2013effects,
	title        = {The effects of individual motivations and social capital on employees' tacit and explicit knowledge sharing intentions},
	author       = {Hau, Yong Sauk and Kim, Byoungsoo and Lee, Heeseok and Kim, Young-Gul},
	year         = 2013,
	journal      = {International Journal of Information Management},
	publisher    = {Elsevier},
	volume       = 33,
	number       = 2,
	pages        = {356--366},
}
@article{haugaard2012rethinking,
	title        = {Rethinking the four dimensions of power: domination and empowerment},
	author       = {Haugaard, Mark},
	year         = 2012,
	journal      = {Journal of Political Power},
	publisher    = {Taylor \& Francis},
	volume       = 5,
	number       = 1,
	pages        = {33--54},
}
@techreport{hedlund2002tacit,
	title        = {Tacit knowledge and practical intelligence: Understanding the lessons of experience},
	author       = {Hedlund, Jennifer and Antonakis, John and Sternberg, Robert J},
	year         = 2002,
	address      = {Alexandria VA, USA},
	institution  = {Army Research Institute for The Behavioral And Social Sciences}
}
@article{hennessey2010creativity,
	title        = {Creativity},
	author       = {Hennessey, Beth A and Amabile, Teresa M},
	year         = 2010,
	journal      = {Annual Review of Psychology},
	volume       = 61,
	pages        = {569--598},
}
@manual{hijmans2017geosphere,
	title        = {geosphere: Spherical Trigonometry},
	author       = {Robert J. Hijmans},
	year         = 2017,
	url          = {https://CRAN.R-project.org/package=geosphere},
	note         = {R package version 1.5-7},
	bdsk-url-1   = {https://CRAN.R-project.org/package=geosphere}
}
@article{holland1981exponential,
	title        = {An exponential family of probability distributions for directed graphs},
	author       = {Holland, Paul W and Leinhardt, Samuel},
	year         = 1981,
	journal      = {Journal of the American Statistical Association},
	publisher    = {Taylor \& Francis},
	volume       = 76,
	number       = 373,
	pages        = {33--50},
}
@article{holste2010trust,
	title        = {Trust and tacit knowledge sharing and use},
	author       = {Holste, J Scott and Fields, Dail},
	year         = 2010,
	journal      = {Journal of Knowledge Management},
	publisher    = {Emerald Group Publishing Limited},
	volume       = 14,
	number       = 1,
	pages        = {128--140},
}
@book{homans1961social,
	title        = {Social behavior: Its elementary forms},
	author       = {Homans, George Caspar},
	year         = 1961,
	publisher    = {Harcourt, Brace},
}
@book{horvath2000working,
	title        = {Working with tacit knowledge},
	author       = {Horvath, Joseph A},
	year         = 2000,
	publisher    = {Butterworth-Heinemann, Wobum, CA, USA},
}
@article{howells1996tacit,
	title        = {Tacit knowledge},
	author       = {Howells, Jeremy},
	year         = 1996,
	journal      = {Technology Snalysis \& Strategic Management},
	publisher    = {Taylor \& Francis},
	volume       = 8,
	number       = 2,
	pages        = {91--106},
}
@incollection{hubrich2015embodiment,
	title        = {Embodiment of Tacit Knowledge},
	author       = {Hubrich, Michael},
	year         = 2015,
	booktitle    = {Revealing Tacit Knowledge},
	publisher    = {Transcript-Verlag},
	pages        = {41--60},
}
@article{hummon1990computational,
	title        = {Computational methods for social network analysis},
	author       = {Hummon, Norman P and Doreian, Patrick},
	year         = 1990,
	journal      = {Social Networks},
	publisher    = {Elsevier},
	volume       = 12,
	number       = 4,
	pages        = {273--288},
}
@article{hung2011influence,
	title        = {The influence of intrinsic and extrinsic motivation on individuals' knowledge sharing behavior},
	author       = {Hung, Shin-Yuan and Durcikova, Alexandra and Lai, Hui-Min and Lin, Wan-Mei},
	year         = 2011,
	journal      = {International Journal of Human-Computer Studies},
	publisher    = {Elsevier},
	volume       = 69,
	number       = 6,
	pages        = {415--427},
}
@article{hurmelinna2008appropriability,
	title        = {Appropriability regime for radical and incremental innovations},
	author       = {Hurmelinna-Laukkanen, Pia and Sainio, Liisa-Maija and Jauhiainen, Tiina},
	year         = 2008,
	journal      = {R\&D Management},
	publisher    = {Wiley Online Library},
	volume       = 38,
	number       = 3,
	pages        = {278--289},
}
@article{ibarra1993power,
	title        = {Power, social influence, and sense making: Effects of network centrality and proximity on employee perceptions},
	author       = {Ibarra, Herminia and Andrews, Steven B},
	year         = 1993,
	journal      = {Administrative science quarterly},
	publisher    = {JSTOR},
	pages        = {277--303},
}
@techreport{jackson2020fostering,
	title        = {Fostering sustainable innovation through creative destruction theory},
	author       = {Jackson, Emerson Abraham},
	year         = 2020,
	note         = {MPRA Paper No. 102174},
	institution  = {Centre of West African Studies, University of Birmingham, UK}
}
@article{jagosh2020retroductive,
	title        = {Retroductive theorizing in Pawson and Tilley's applied scientific realism},
	author       = {Jagosh, Justin},
	year         = 2020,
	journal      = {Journal of Critical Realism},
	publisher    = {Taylor \& Francis},
	volume       = 19,
	number       = 2,
	pages        = {121--130},
}
@article{jansen2005managing,
	title        = {Managing potential and realized absorptive capacity: How do organizational antecedents matter?},
	author       = {Jansen, Justin JP and Van Den Bosch, Frans AJ and Volberda, Henk W},
	year         = 2005,
	journal      = {Academy of Management Journal},
	publisher    = {Academy of Management},
	volume       = 48,
	number       = 6,
	pages        = {999--1015},
}
@article{jasny2015two,
	title        = {Two-mode brokerage in policy networks},
	author       = {Jasny, Lorien and Lubell, Mark},
	year         = 2015,
	journal      = {Social Networks},
	publisher    = {Elsevier},
	volume       = 41,
	pages        = {36--47},
}
@article{jebb2017exploratory,
	title        = {Exploratory data analysis as a foundation of inductive research},
	author       = {Jebb, Andrew T and Parrigon, Scott and Woo, Sang Eun},
	year         = 2017,
	journal      = {Human Resource Management Review},
	publisher    = {Elsevier},
	volume       = 27,
	number       = 2,
	pages        = {265--276},
}
@article{jen2014social,
	title        = {Social Ties, Knowledge Diversity and Individual Creativity},
	author       = {Jen, Ching Tsung},
	year         = 2014,
	journal      = {Journal of Business Studies Quarterly},
	volume       = 6,
	number       = 2,
}
@article{jeppesen2010marginality,
	title        = {Marginality and problem-solving effectiveness in broadcast search},
	author       = {Jeppesen, Lars Bo and Lakhani, Karim R},
	year         = 2010,
	journal      = {Organization science},
	publisher    = {INFORMS},
	volume       = 21,
	number       = 5,
	pages        = {1016--1033},
}
@article{johannessen2001mismanagement,
	title        = {Mismanagement of tacit knowledge: the importance of tacit knowledge, the danger of information technology, and what to do about it},
	author       = {Johannessen, Jon-Arild and Olaisen, Johan and Olsen, Bj\oRn},
	year         = 2001,
	journal      = {International Journal of Information Management},
	publisher    = {Elsevier},
	volume       = 21,
	number       = 1,
	pages        = {3--20},
}
@article{johnson2002all,
	title        = {Why all this fuss about codified and tacit knowledge?},
	author       = {Johnson, Bj\"orn and Lorenz, Edward and Lundvall, Bengt-\AAke},
	year         = 2002,
	journal      = {Industrial and Corporate Change},
	publisher    = {Oxford University Press},
	volume       = 11,
	number       = 2,
	pages        = {245--262},
}
@article{johnson2004mixed,
	title        = {Mixed methods research: A research paradigm whose time has come},
	author       = {Johnson, R Burke and Onwuegbuzie, Anthony J},
	year         = 2004,
	journal      = {Educational Researcher},
	publisher    = {Sage Publications},
	volume       = 33,
	number       = 7,
	pages        = {14--26},
}
@article{kahle2013ggmap,
	title        = {ggmap: Spatial Visualization with ggplot2},
	author       = {Kahle, David and Wickham, Hadley},
	year         = 2013,
	journal      = {The R Journal},
	publisher    = {Citeseer},
	volume       = 5,
	number       = 1,
	pages        = {144--161},
}
@incollection{kalish2013brain,
	title        = {Brain, brawn, or optimism? Structure and correlates of emergent military leadership},
	author       = {Kalish, Yuval and Luria, Gil},
	year         = 2013,
	booktitle    = {Exponential random graph models for social networks},
	publisher    = {Cambridge University Press New York, NY},
	pages        = {226--236},
	editor       = {Lusher, D and Koskinen, J}
}
@article{kane2005knowledge,
	title        = {Knowledge transfer between groups via personnel rotation: Effects of social identity and knowledge quality},
	author       = {Kane, Aim\'ee A and Argote, Linda and Levine, John M},
	year         = 2005,
	journal      = {Organizational Behavior and Human Decision Processes},
	publisher    = {Elsevier},
	volume       = 96,
	number       = 1,
	pages        = {56--71},
}
@article{kankanhalli2005contributing,
	title        = {Contributing knowledge to electronic knowledge repositories: An empirical investigation},
	author       = {Kankanhalli, Atreyi and Tan, Bernard CY and Wei, Kwok-Kee},
	year         = 2005,
	journal      = {MIS Quarterly},
	publisher    = {JSTOR},
	pages        = {113--143},
}
@inproceedings{kaser2001knowledge,
	title        = {Knowledge Activists: The Cultivation of Motivation and Trust Properties of Knowledge Sharing Relationships},
	author       = {K\"aser, Philipp AW and Miles, Raymond E},
	year         = 2001,
	booktitle    = {Academy of Management Proceedings},
	volume       = 2001,
	number       = 1,
	pages        = {D1--D6},
	organization = {Academy of Management}
}
@article{kasper2001communicating,
	title        = {Communicating trustworthiness and building trust in interorganizational virtual organizations},
	author       = {Kasper-Fuehrera, Eva C and Ashkanasy, Neal M},
	year         = 2001,
	journal      = {Journal of Management},
	publisher    = {Sage Publications},
	volume       = 27,
	number       = 3,
	pages        = {235--254},
}
@manual{kassambara2019ggcorrplot,
	title        = {ggcorrplot: Visualization of a Correlation Matrix using 'ggplot2'},
	author       = {Alboukadel Kassambara},
	year         = 2019,
	url          = {https://CRAN.R-project.org/package=ggcorrplot},
	note         = {R package version 0.1.3},
	bdsk-url-1   = {https://CRAN.R-project.org/package=ggcorrplot}
}
@manual{kassambara2019ggpubr,
	title        = {ggpubr: 'ggplot2' Based Publication Ready Plots},
	author       = {Alboukadel Kassambara},
	year         = 2019,
	url          = {https://CRAN.R-project.org/package=ggpubr},
	note         = {R package version 0.2.1},
	bdsk-url-1   = {https://CRAN.R-project.org/package=ggpubr}
}
@incollection{khatun2018sharing,
	title        = {Sharing Tacit Knowledge: The Essence of Knowledge Management},
	author       = {Khatun, Ayesha},
	year         = 2018,
	booktitle    = {Handbook of Research on Knowledge Management for Contemporary Business Environments},
	publisher    = {IGI Global},
	pages        = {50--63},
}
@article{kleinbaum2007building,
	title        = {Building bridges: the social structure of interdependent innovation},
	author       = {Kleinbaum, Adam M and Tushman, Michael L},
	year         = 2007,
	journal      = {Strategic Entrepreneurship Journal},
	publisher    = {Wiley Online Library},
	volume       = 1,
	number       = {1-2},
	pages        = {103--122},
}
@article{knippenberg2000foci,
	title        = {Foci and correlates of organizational identification},
	author       = {Knippenberg, Daan and Schie, Els},
	year         = 2000,
	journal      = {Journal of Occupational and Organizational Psychology},
	publisher    = {Wiley Online Library},
	volume       = 73,
	number       = 2,
	pages        = {137--147},
}
@book{knoke2008social,
	title        = {Social network analysis},
	author       = {Knoke, David and Yang, Song},
	year         = 2008,
	publisher    = {Sage},
	volume       = 154,
}
@article{knoppen2022absorptive,
	title        = {Absorptive capacity dimensions and the measurement of cumulativeness},
	author       = {Knoppen, Desir{\'e}e and Saris, Willem and Moncagatta, Paolo},
	year         = 2022,
	journal      = {Journal of Business Research},
	publisher    = {Elsevier},
	volume       = 139,
	pages        = {312--324},
}
@article{kokshagina2017fast,
	title        = {Fast-connecting search practices: On the role of open innovation intermediary to accelerate the absorptive capacity},
	author       = {Kokshagina, Olga and Le Masson, Pascal and Bories, Florent},
	year         = 2017,
	journal      = {Technological Forecasting and Social Change},
	publisher    = {Elsevier},
	volume       = 120,
	pages        = {232--239},
}
@article{kolleck2013social,
	title        = {Social network analysis in innovation research: using a mixed methods approach to analyze social innovations},
	author       = {Kolleck, Nina},
	year         = 2013,
	journal      = {European Journal of Futures Research},
	publisher    = {Springer},
	volume       = {1:25},
	pages        = {1--9},
}
@article{koskinen2003tacit,
	title        = {Tacit knowledge acquisition and sharing in a project work context},
	author       = {Koskinen, Kaj U and Pihlanto, Pekka and Vanharanta, Hannu},
	year         = 2003,
	journal      = {International Journal of Project Management},
	publisher    = {Elsevier},
	volume       = 21,
	number       = 4,
	pages        = {281--290},
}
@article{kratzer2017open,
	title        = {Open innovation and company culture: Internal openness makes the difference},
	author       = {Kratzer, Jan and Meissner, Dirk and Roud, Vitaly},
	year         = 2017,
	journal      = {Technological Forecasting and Social Change},
	publisher    = {Elsevier},
	volume       = 119,
	pages        = {128--138},
}
@inbook{kreutz2014catalyzing,
	title        = {Catalyzing tacit knowledge exchange with visual thinking techniques to achieve productive open innovation collaborations},
	author       = {Kreutz, Karen A and Benz, Kim D},
	year         = 2014,
	booktitle    = {Open Innovation: New Product Development Essentials from the PDMA},
	publisher    = {Wiley Online Library},
	pages        = {107--133},
	chapter      = 5,
	editor       = {Noble, CH and Durmusoglu, SS and Griffin, A}
}
@inproceedings{kucharska2016trust,
	title        = {Trust, Collaborative Culture and Tacit Knowledge Sharing in Project Management--a Relationship Model},
	author       = {Kucharska, Wioleta and Kowalczyk, Rafa\\l},
	year         = 2016,
	booktitle    = {Proceedings of the 13th International Conference on Intellectual Capital, Knowledge Management \& Organisational Learning (ICICKM 2016)},
	pages        = {159--166},
}
@article{kwon2020network,
	title        = {Network brokerage: An integrative review and future research agenda},
	author       = {Kwon, Seok-Woo and Rondi, Emanuela and Levin, Daniel Z and De Massis, Alfredo and Brass, Daniel J},
	year         = 2020,
	journal      = {Journal of Management},
	publisher    = {Sage Publications},
	volume       = 46,
	number       = 6,
	pages        = {1092--1120},
}
@article{lam2000tacit,
	title        = {Tacit knowledge, organizational learning and societal institutions: an integrated framework},
	author       = {Lam, Alice},
	year         = 2000,
	journal      = {Organization Studies},
	publisher    = {Sage Publications},
	volume       = 21,
	number       = 3,
	pages        = {487--513},
}
@article{lam2010knowledge,
	title        = {Knowledge sharing in organisational contexts: a motivation-based perspective},
	author       = {Lam, Alice and Lambermont-Ford, Jean-Paul},
	year         = 2010,
	journal      = {Journal of Knowledge Management},
	publisher    = {Emerald Group Publishing Limited},
	volume       = 14,
	number       = 1,
	pages        = {51--66},
}
@article{lam2014tacit,
	title        = {Tacit knowledge, embedded agency and learning: local nodes and global networks},
	author       = {Lam, Alice},
	year         = 2014,
	journal      = {Prometheus},
	publisher    = {Taylor \& Francis},
	volume       = 32,
	number       = 1,
	pages        = {93--99},
}
@article{lane1998relative,
	title        = {Relative absorptive capacity and interorganizational learning},
	author       = {Lane, Peter J and Lubatkin, Michael},
	year         = 1998,
	journal      = {Strategic Management Journal},
	volume       = 19,
	number       = 5,
	pages        = {461--477},
}
@manual{lang2019rcurl,
	title        = {RCurl: General Network (HTTP/FTP/...) Client Interface for R},
	author       = {Duncan Temple Lang},
	year         = 2019,
	url          = {https://CRAN.R-project.org/package=RCurl},
	note         = {R package version 1.95-4.12},
	bdsk-url-1   = {https://CRAN.R-project.org/package=RCurl}
}
@article{laursen2014paradox,
	title        = {The paradox of openness: Appropriability, external search and collaboration},
	author       = {Laursen, Keld and Salter, Ammon J},
	year         = 2014,
	journal      = {Research Policy},
	publisher    = {Elsevier},
	volume       = 43,
	number       = 5,
	pages        = {867--878},
}
@article{lee2019does,
	title        = {How does open innovation lead competitive advantage? A dynamic capability view perspective},
	author       = {Lee, Kibaek and Yoo, Jaeheung},
	year         = 2019,
	journal      = {PloS One},
	publisher    = {Public Library of Science San Francisco, CA USA},
	volume       = 14,
	number       = 11,
	pages        = {e0223405},
}
@article{leonard1998role,
	title        = {The role of tacit knowledge in group innovation},
	author       = {Leonard, Dorothy and Sensiper, Sylvia},
	year         = 1998,
	journal      = {California Management Review},
	publisher    = {University of California Press Journals},
	volume       = 40,
	number       = 3,
	pages        = {112--132},
}
@inbook{leonard2014knowledge,
	title        = {Knowledge and the Management of Creativity and Innovation},
	author       = {Leonard, Dorothy and Barton, Michelle},
	year         = 2014,
	booktitle    = {The Oxford Handbook of Innovation Management},
	publisher    = {Oxford University Press Oxford},
	pages        = {121--138},
	editor       = {Mark Dodgson and David M. Gann and Nelson Phillips}
}
@article{levin2004strength,
	title        = {The strength of weak ties you can trust: The mediating role of trust in effective knowledge transfer},
	author       = {Levin, Daniel Z and Cross, Rob},
	year         = 2004,
	journal      = {Management Science},
	publisher    = {Informs},
	volume       = 50,
	number       = 11,
	pages        = {1477--1490},
}
@article{lewis1985trust,
	title        = {Trust as a social reality},
	author       = {Lewis, J David and Weigert, Andrew},
	year         = 1985,
	journal      = {Social Forces},
	publisher    = {Oxford University Press},
	volume       = 63,
	number       = 4,
	pages        = {967--985},
}
@article{lichtenthaler2009absorptive,
	title        = {Absorptive capacity, environmental turbulence, and the complementarity of organizational learning processes},
	author       = {Lichtenthaler, Ulrich},
	year         = 2009,
	journal      = {Academy of Management Journal},
	publisher    = {Academy of Management},
	volume       = 52,
	number       = 4,
	pages        = {822--846},
}
@article{lichtenthaler2010technology,
	title        = {Technology transfer across organizational boundaries: Absorptive capacity and desorptive capacity},
	author       = {Lichtenthaler, Ulrich and Lichtenthaler, Eckhard},
	year         = 2010,
	journal      = {California Management Review},
	publisher    = {Sage Publications},
	volume       = 53,
	number       = 1,
	pages        = {154--170},
}
@article{lichtenthaler2016absorptive,
	title        = {Absorptive capacity and firm performance: an integrative framework of benefits and downsides},
	author       = {Lichtenthaler, Ulrich},
	year         = 2016,
	journal      = {Technology Analysis \& Strategic Management},
	publisher    = {Taylor \& Francis},
	pages        = {1--13},
}
@article{lin2007share,
	title        = {To share or not to share: Modeling tacit knowledge sharing, its mediators and antecedents},
	author       = {Lin, Chieh-Peng},
	year         = 2007,
	journal      = {Journal of Business Ethics},
	publisher    = {Springer},
	volume       = 70,
	number       = 4,
	pages        = {411--428},
}
@article{lingo2010nexus,
	title        = {Nexus work: Brokerage on creative projects},
	author       = {Lingo, Elizabeth Long and O'Mahony, Siobh{\'a}n},
	year         = 2010,
	journal      = {Administrative Science Quarterly},
	publisher    = {Sage Publications},
	volume       = 55,
	number       = 1,
	pages        = {47--81},
}
@article{liu2021more,
	title        = {The more, the better? The effect of feedback and user's past successes on idea implementation in open innovation communities},
	author       = {Liu, Qian and Yang, Zhengfa and Cai, Xiaofang and Du, Qianzhou and Fan, Weiguo},
	year         = 2021,
	journal      = {Journal of the Association for Information Science and Technology},
	publisher    = {Wiley Online Library},
}
@article{llanes2019competitive,
	title        = {Competitive strategy for open and user innovation},
	author       = {Llanes, Gast{\'o}n},
	year         = 2019,
	journal      = {Journal of Economics \& Management Strategy},
	publisher    = {Wiley Online Library},
	volume       = 28,
	number       = 2,
	pages        = {280--297},
}
@article{llopis2016understanding,
	title        = {Understanding the climate--knowledge sharing relation: The moderating roles of intrinsic motivation and job autonomy},
	author       = {Llopis, Oscar and Foss, Nicolai J},
	year         = 2016,
	journal      = {European Management Journal},
	publisher    = {Elsevier},
	volume       = 34,
	number       = 2,
	pages        = {135--144},
}
@incollection{lomi2014network,
	title        = {The Network Dynamics of Social Status: Problems and Possibilities},
	author       = {Lomi, Alessandro and Torl{\'o}, Vanina J},
	year         = 2014,
	booktitle    = {Contemporary Perspectives on Organizational Social Networks},
	publisher    = {Emerald Group Publishing Limited},
	pages        = {403--420},
}
@article{long2013bridges,
	title        = {Bridges, brokers and boundary spanners in collaborative networks: a systematic review},
	author       = {Long, Janet C and Cunningham, Frances C and Braithwaite, Jeffrey},
	year         = 2013,
	journal      = {BMC Health Services Research},
	publisher    = {BioMed Central},
	volume       = 13,
	number       = 1,
	pages        = 158,
}
@article{longo2017struggling,
	title        = {Struggling with agency problems in open innovation ecosystem: corporate policies in innovation hub},
	author       = {Longo, Maria Cristina and Giaccone, Sonia Caterina},
	year         = 2017,
	journal      = {The TQM Journal},
	publisher    = {Emerald Publishing Limited},
}
@article{loyal2001agency,
	title        = {{\enquote{Agency}} as a red herring in social theory},
	author       = {Loyal, Steven and Barnes, Barry},
	year         = 2001,
	journal      = {Philosophy of the Social Sciences},
	publisher    = {Sage Publications},
	volume       = 31,
	number       = 4,
	pages        = {507--524},
}
@article{lubit2001keys,
	title        = {The keys to sustainable competitive advantage},
	author       = {Lubit, Roy},
	year         = 2001,
	journal      = {Organizational Dynamics},
	publisher    = {Elsevier Science},
	volume       = 29,
	number       = 3,
	pages        = {164--178},
}
@article{lusher2012trust,
	title        = {{\enquote{Trust Me}}: Differences in expressed and perceived trust relations in an organization},
	author       = {Lusher, Dean and Robins, Garry and Pattison, Philippa E and Lomi, Alessandro},
	year         = 2012,
	journal      = {Social Networks},
	publisher    = {Elsevier},
	volume       = 34,
	number       = 4,
	pages        = {410--424},
}
@book{lusher2013exponential,
	title        = {Exponential random graph models for social networks: Theory, methods, and applications},
	author       = {Lusher, Dean and Koskinen, Johan and Robins, Garry},
	year         = 2013,
	publisher    = {Cambridge University Press},
}
@article{lusher2020advances,
	title        = {Advances in Exponential Random Graph Models},
	author       = {Lusher, Dean and Wang, Peng and Brennecke, Julia and Brailly, Julien and Faye, Malick and Gallagher, Colin},
	year         = 2020,
	journal      = {The Oxford Handbook of Social Networks},
	publisher    = {Oxford University Press},
	pages        = 234,
}
@article{mael1992alumni,
	title        = {Alumni and their alma mater: A partial test of the reformulated model of organizational identification},
	author       = {Mael, Fred and Ashforth, Blake E},
	year         = 1992,
	journal      = {Journal of Organizational Behavior},
	publisher    = {Wiley Online Library},
	volume       = 13,
	number       = 2,
	pages        = {103--123},
}
@article{mael1992identifying,
	title        = {Identifying organizational identification},
	author       = {Mael, Fred A and Tetrick, Lois E},
	year         = 1992,
	journal      = {Educational and Psychological Measurement},
	publisher    = {Sage Publications},
	volume       = 52,
	number       = 4,
	pages        = {813--824},
}
@article{marabelli2014knowing,
	title        = {Knowing, power and materiality: A critical review and reconceptualization of absorptive capacity},
	author       = {Marabelli, Marco and Newell, Sue},
	year         = 2014,
	journal      = {International Journal of Management Reviews},
	publisher    = {Wiley Online Library},
	volume       = 16,
	number       = 4,
	pages        = {479--499},
}
@inproceedings{marabelli2016strategic,
	title        = {The strategic role of power and materiality in managing network change},
	author       = {Marabelli, Marco and Newell, S and Galliers, R},
	year         = 2016,
	booktitle    = {Academy of Management Proceedings},
	organization = {Academy of Management}
}
@inbook{marsden1982brokerage,
	title        = {Brokerage behavior in restricted exchange networks},
	author       = {Marsden, Peter},
	year         = 1982,
	booktitle    = {Social Structure and Network Analysis},
	publisher    = {Sage Publications},
	pages        = {201--218},
	editor       = {Marsden, P and Lin, N}
}
@article{marsden2012reflections,
	title        = {Reflections on conceptualizing and measuring tie strength},
	author       = {Marsden, Peter V and Campbell, Karen E},
	year         = 2012,
	journal      = {Social Forces},
	publisher    = {Oxford University Press},
	volume       = 91,
	number       = 1,
	pages        = {17--23},
}
@article{martinez2014analysis,
	title        = {Analysis of open innovation communities from the perspective of social network analysis},
	author       = {Mart{\'\i}nez-Torres, M Roc{\'\i}o},
	year         = 2014,
	journal      = {Technology Analysis \& Strategic Management},
	publisher    = {Taylor \& Francis},
	volume       = 26,
	number       = 4,
	pages        = {435--451},
}
@article{matous2019external,
	title        = {External exposure, boundary-spanning, and opinion leadership in remote communities: A network experiment},
	author       = {Matous, Petr and Wang, Peng},
	year         = 2019,
	journal      = {Social Networks},
	publisher    = {Elsevier},
	volume       = 56,
	pages        = {10--22},
}
@article{matzler2008personality,
	title        = {Personality traits and knowledge sharing},
	author       = {Matzler, K. and Renzl, B. and M\"uller, J. and Herting, S. and Mooradian, T.A.},
	year         = 2008,
	journal      = {Journal of Economic Psychology},
	publisher    = {Elsevier},
	volume       = 29,
	number       = 3,
	pages        = {301--313},
}
@article{matzler2011personality,
	title        = {Personality traits, affective commitment, documentation of knowledge, and knowledge sharing},
	author       = {Matzler, Kurt and Renzl, Birgit and Mooradian, Todd and von Krogh, Georg and Mueller, Julia},
	year         = 2011,
	journal      = {The International Journal of Human Resource Management},
	publisher    = {Taylor \& Francis},
	volume       = 22,
	number       = {02},
	pages        = {296--310},
}
@article{mayer1995integrative,
	title        = {An integrative model of organizational trust},
	author       = {Mayer, Roger C and Davis, James H and Schoorman, F David},
	year         = 1995,
	journal      = {Academy of Management Review},
	publisher    = {Academy of Management},
	volume       = 20,
	number       = 3,
	pages        = {709--734},
}
@article{mcadam2007exploring,
	title        = {Exploring the dichotomies within the tacit knowledge literature: towards a process of tacit knowing in organizations},
	author       = {McAdam, Rodney and Mason, Bob and McCrory, Josephine},
	year         = 2007,
	journal      = {Journal of Knowledge Management},
	publisher    = {Emerald Group Publishing Limited},
	volume       = 11,
	number       = 2,
	pages        = {43--59},
}
@article{mcallister1995affect,
	title        = {Affect-and cognition-based trust as foundations for interpersonal cooperation in organizations},
	author       = {McAllister, Daniel J},
	year         = 1995,
	journal      = {Academy of Management Journal},
	publisher    = {Academy of Management},
	volume       = 38,
	number       = 1,
	pages        = {24--59},
}
@article{mcavoy2018critical,
	title        = {A critical realist method for applied business research},
	author       = {McAvoy, John and Butler, Tom},
	year         = 2018,
	journal      = {Journal of Critical Realism},
	publisher    = {Taylor \& Francis},
	volume       = 17,
	number       = 2,
	pages        = {160--175},
}
@article{mcevily2011measuring,
	title        = {Measuring trust in organisational research: Review and recommendations},
	author       = {McEvily, Bill and Tortoriello, Marco},
	year         = 2011,
	journal      = {Journal of Trust Research},
	publisher    = {Taylor \& Francis},
	volume       = 1,
	number       = 1,
	pages        = {23--63},
}
@article{mcevily2014more,
	title        = {More Formally: Rediscovering the Missing Link between Formal Organization and Informal Social Structure},
	author       = {McEvily, Bill and Soda, Giuseppe and Tortoriello, Marco},
	year         = 2014,
	journal      = {The Academy of Management Annals},
	publisher    = {Taylor \& Francis},
	volume       = 8,
	number       = 1,
	pages        = {299--345},
}
@article{mcevoy2006critical,
	title        = {A critical realist rationale for using a combination of quantitative and qualitative methods},
	author       = {McEvoy, Phil and Richards, David},
	year         = 2006,
	journal      = {Journal of Research in Nursing},
	publisher    = {Sage Publications},
	volume       = 11,
	number       = 1,
	pages        = {66--78},
}
@article{meinlschmidt2016role,
	title        = {The role of absorptive and desorptive capacity (ACDC) in sustainable supply management: A longitudinal analysis},
	author       = {Meinlschmidt, Jan and Foerstl, Kai and Kirchoff, Jon F},
	year         = 2016,
	journal      = {International Journal of Physical Distribution \& Logistics Management},
	publisher    = {Emerald Group Publishing Limited},
}
@article{meyer2010rise,
	title        = {The rise of the knowledge broker},
	author       = {Meyer, M.},
	year         = 2010,
	journal      = {Science Communication},
	publisher    = {Sage Publications},
	volume       = 32,
	number       = 1,
	pages        = {118--127},
}
@inbook{meyerson1996swift,
	title        = {Swift trust and temporary groups},
	author       = {Meyerson, Debra and Weick, Karl E and Kramer, Roderick M},
	year         = 1996,
	booktitle    = {Trust in organizations: Frontiers of theory and research},
	publisher    = {Sage Publications},
	pages        = {166--195},
	chapter      = 9,
	editor       = {Kramer, Roderick M. and Tyler,Tom R.}
}
@article{milne2007motivation,
	title        = {Motivation, incentives and organisational culture},
	author       = {Milne, Patricia},
	year         = 2007,
	journal      = {Journal of Knowledge Management},
	publisher    = {Emerald Group Publishing Limited},
	volume       = 11,
	number       = 6,
	pages        = {28--38},
}
@inbook{mingers2006realising,
	title        = {Philosophical foundations: Critical realism},
	author       = {Mingers, John},
	year         = 2006,
	booktitle    = {Realising systems thinking: Knowledge and action in management science},
	publisher    = {Springer Science \& Business Media},
	chapter      = 2,
}
@article{mittal2015transformational,
	title        = {Transformational leadership and employee creativity: mediating role of creative self-efficacy and moderating role of knowledge sharing},
	author       = {Mittal, Swati and Dhar, Rajib Lochan},
	year         = 2015,
	journal      = {Management Decision},
	publisher    = {Emerald Group Publishing Limited},
	volume       = 53,
	number       = 5,
	pages        = {894--910},
}
@article{mohajan2016sharing,
	title        = {Sharing of Tacit Knowledge in Organizations: A Review},
	author       = {Mohajan, Haradhan Kumar},
	year         = 2016,
	journal      = {American Journal of Computer Science and Engineering},
	volume       = 3,
	number       = 2,
	pages        = {6--19},
}
@article{molm2000risk,
	title        = {Risk and trust in social exchange: An experimental test of a classical proposition},
	author       = {Molm, L.D. and Takahashi, N. and Peterson, G.},
	year         = 2000,
	journal      = {American Journal of Sociology},
	publisher    = {JSTOR},
	pages        = {1396--1427},
}
@article{morgenthaler2009exploratory,
	title        = {Exploratory data analysis},
	author       = {Morgenthaler, Stephan},
	year         = 2009,
	journal      = {Wiley Interdisciplinary Reviews: Computational Statistics},
	publisher    = {Wiley Online Library},
	volume       = 1,
	number       = 1,
	pages        = {33--44},
}
@article{mors2010innovation,
	title        = {Innovation in a global consulting firm: When the problem is too much diversity},
	author       = {Mors, Marie Louise},
	year         = 2010,
	journal      = {Strategic Management Journal},
	publisher    = {Wiley Online Library},
	volume       = 31,
	number       = 8,
	pages        = {841--872},
}
@article{muller2008living,
	title        = {Living up to one's commitments: Agency, strategies and trust},
	author       = {M{\"u}ller, Thomas},
	year         = 2008,
	journal      = {Journal of Applied Logic},
	publisher    = {Elsevier},
	volume       = 6,
	number       = 2,
	pages        = {251--266},
}
@article{mullins2002its,
	title        = {{\enquote{It's a PhD, not a Nobel Prize}}: how experienced examiners assess research theses},
	author       = {Mullins, Gerry and Kiley, Margaret},
	year         = 2002,
	journal      = {Studies in Higher Education},
	publisher    = {Taylor \& Francis Group},
	volume       = 27,
	number       = 4,
	pages        = {369--386},
}
@article{munoz2015tacit,
	title        = {The tacit mystery: reconciling different approaches to tacit knowledge},
	author       = {Mu{\~n}oz, Cristian A and Mosey, Simon and Binks, Martin},
	year         = 2015,
	journal      = {Knowledge Management Research \& Practice},
	publisher    = {Nature Publishing Group},
	volume       = 13,
	number       = 3,
	pages        = {289--298},
}
@misc{national2014national,
	title        = {National statement on ethical conduct in human research (2007 updated 2014)},
	author       = {{National Health and Medical Research Council}},
	year         = 2014,
	publisher    = {Australian Government Canberra, Australia},
}
@book{newman2010networks,
	title        = {Networks: An introduction},
	author       = {Newman, Mark},
	year         = 2010,
	publisher    = {Oxford University Press},
}
@article{nonaka1994dynamic,
	title        = {A dynamic theory of organizational knowledge creation},
	author       = {Nonaka, Ikujiro},
	year         = 1994,
	journal      = {Organization Science},
	publisher    = {INFORMS},
	volume       = 5,
	number       = 1,
	pages        = {14--37},
}
@book{nonaka1995knowledge,
	title        = {The knowledge-creating company: How Japanese companies create the dynamics of innovation},
	author       = {Nonaka, Ikujiro and Takeuchi, Hirotaka},
	year         = 1995,
	publisher    = {Oxford University Press},
}
@article{nooteboom2000learning,
	title        = {Learning by interaction: absorptive capacity, cognitive distance and governance},
	author       = {Nooteboom, Bart},
	year         = 2000,
	journal      = {Journal of Management and Governance},
	publisher    = {Springer},
	volume       = 4,
	number       = {1-2},
	pages        = {69--92},
}
@article{nooteboom2007optimal,
	title        = {Optimal cognitive distance and absorptive capacity},
	author       = {Nooteboom, Bart and Van Haverbeke, Wim and Duysters, Geert and Gilsing, Victor and Van den Oord, Ad},
	year         = 2007,
	journal      = {Research Policy},
	publisher    = {Elsevier},
	volume       = 36,
	number       = 7,
	pages        = {1016--1034},
}
@article{norman2014incremental,
	title        = {Incremental and radical innovation: Design research vs. technology and meaning change},
	author       = {Norman, Donald A and Verganti, Roberto},
	year         = 2014,
	journal      = {Design Issues},
	publisher    = {MIT Press},
	volume       = 30,
	number       = 1,
	pages        = {78--96},
}
@techreport{nowak2005evolution,
	title        = {Evolution of indirect reciprocity},
	author       = {Nowak, Martin A and Sigmund, Karl},
	year         = 2005,
	number       = {IR-05-079},
	institution  = {International Institute for Applied Systems Analysis}
}
@article{nunes2020managing,
	title        = {Managing open innovation project risks based on a social network analysis perspective},
	author       = {Nunes, Marco and Abreu, Antonio},
	year         = 2020,
	journal      = {Sustainability},
	publisher    = {Multidisciplinary Digital Publishing Institute},
	volume       = 12,
	number       = 8,
	pages        = 3132,
}
@article{oberg2019openness,
	title        = {The openness of open innovation in ecosystems--Integrating innovation and management literature on knowledge linkages},
	author       = {{\"O}berg, Christina and Alexander, Allen T},
	year         = 2019,
	journal      = {Journal of Innovation \& Knowledge},
	publisher    = {Elsevier},
	volume       = 4,
	number       = 4,
	pages        = {211--218},
}
@article{obrenovic2020enjoyment,
	title        = {The enjoyment of knowledge sharing: Impact of altruism on tacit knowledge-sharing behavior},
	author       = {Obrenovic, Bojan and Jianguo, Du and Tsoy, Diana and Obrenovic, Slobodan and Khan, Muhammad Aamir Shafique and Anwar, Farooq},
	year         = 2020,
	journal      = {Frontiers in Psychology},
	publisher    = {Frontiers},
	volume       = 11,
	pages        = 1496,
}
@incollection{obstfeld2014brokerage,
	title        = {Brokerage as a process: Decoupling third party action from social network structure},
	author       = {Obstfeld, David and Borgatti, Stephen P and Davis, Jason},
	year         = 2014,
	booktitle    = {Contemporary Perspectives on Organizational Social Networks},
	publisher    = {Emerald Group Publishing Limited},
	pages        = {135--159},
}
@article{orlikowski2002knowing,
	title        = {Knowing in practice: Enacting a collective capability in distributed organizing},
	author       = {Orlikowski, Wanda J},
	year         = 2002,
	journal      = {Organization Science},
	publisher    = {INFORMS},
	volume       = 13,
	number       = 3,
	pages        = {249--273},
}
@article{osterloh2000motivation,
	title        = {Motivation, knowledge transfer, and organizational forms},
	author       = {Osterloh, Margit and Frey, Bruno S},
	year         = 2000,
	journal      = {Organization Science},
	publisher    = {INFORMS},
	volume       = 11,
	number       = 5,
	pages        = {538--550},
}
@article{palla2005uncovering,
	title        = {Uncovering the overlapping community structure of complex networks in nature and society},
	author       = {Palla, Gergely and Der{\'e}nyi, Imre and Farkas, Ill{\'e}s and Vicsek, Tam{\'a}s},
	year         = 2005,
	journal      = {Nature},
	publisher    = {Nature Publishing Group},
	volume       = 435,
	number       = 7043,
	pages        = {814--818},
}
@article{panteli2005trust,
	title        = {Trust and conflict within virtual inter-organizational alliances: a framework for facilitating knowledge sharing},
	author       = {Panteli, Niki and Sockalingam, Siva},
	year         = 2005,
	journal      = {Decision Support Systems},
	publisher    = {Elsevier},
	volume       = 39,
	number       = 4,
	pages        = {599--617},
}
@article{pardee1990motivation,
	title        = {Motivation Theories of Maslow, Herzberg, McGregor \& McClelland. A Literature Review of Selected Theories Dealing with Job Satisfaction and Motivation.},
	author       = {Pardee, Ronald L},
	year         = 1990,
	publisher    = {ERIC},
}
@article{parsons1937structure,
	title        = {The structure of social action},
	author       = {Parsons, Talcott},
	year         = 1937,
	journal      = {Sociology. Thought and Action},
	volume       = 1,
	number       = 1,
	pages        = {32--46},
}
@book{patton2002qualitative,
	title        = {Qualitative research and evaluation methods. Thousand Oaks},
	author       = {Patton, Michael Quinn},
	year         = 2002,
	publisher    = {Sage Publications},
}
@article{pedersen2018tidygraph,
	title        = {Tidygraph: a tidy API for graph manipulation},
	author       = {Pedersen, Thomas Lin},
	year         = 2018,
	journal      = {R package version},
	volume       = 1,
	number       = {0},
}
@manual{pedersen2019ggraph,
	title        = {ggraph: An Implementation of Grammar of Graphics for Graphs and Networks},
	author       = {Thomas Lin Pedersen},
	year         = 2019,
	url          = {https://CRAN.R-project.org/package=ggraph},
	note         = {R package version 2.0.0},
	bdsk-url-1   = {https://CRAN.R-project.org/package=ggraph}
}
@article{perez2013temporary,
	title        = {What are temporary networks and when are they useful?},
	author       = {P\'erez-Nordtvedt, Liliana and O'Brien, Ross and Rasheed, Abdul A},
	year         = 2013,
	journal      = {Group \& Organization Management},
	publisher    = {Sage Publications},
	volume       = 38,
	number       = 3,
	pages        = {392--421},
}
@article{peteraf1993cornerstones,
	title        = {The cornerstones of competitive advantage: A resource-based view},
	author       = {Peteraf, Margaret A},
	year         = 1993,
	journal      = {Strategic Management Journal},
	publisher    = {Wiley Online Library},
	volume       = 14,
	number       = 3,
	pages        = {179--191},
}
@article{phelps2012knowledge,
	title        = {Knowledge, networks, and knowledge networks a review and research agenda},
	author       = {Phelps, Corey and Heidl, Ralph and Wadhwa, Anu},
	year         = 2012,
	journal      = {Journal of Management},
	publisher    = {Sage Publications},
	volume       = 38,
	number       = 4,
	pages        = {1115--1166},
}
@article{piller2014firms,
	title        = {Firms, users, and innovation},
	author       = {Piller, Frank and West, Joel},
	year         = 2014,
	journal      = {New frontiers in open innovation},
	publisher    = {Oxford University Press Oxford},
	volume       = 29,
	number       = 1,
	pages        = {29--49},
}
@article{pink2009anzsco,
	title        = {ANZSCO-Australian and New Zealand Standard Classification of Occupations (Revision 1)},
	author       = {Pink, B and Bascand, G},
	year         = 2009,
	journal      = {Canberra: Australian Bureau of Statistics},
}
@article{polanyi1966logic,
	title        = {The logic of tacit inference},
	author       = {Polanyi, Michael},
	year         = 1966,
	journal      = {Philosophy},
	publisher    = {Cambridge University Press},
	volume       = 41,
	number       = 155,
	pages        = {1--18},
}
@book{polanyi1966tacit,
	title        = {The Tacit Dimension},
	author       = {Polanyi, Michael},
	year         = 1966,
	publisher    = {Doubleday \& Company},
}
@article{provan2007interorganizational,
	title        = {Interorganizational networks at the network level: A review of the empirical literature on whole networks},
	author       = {Provan, Keith G and Fish, Amy and Sydow, Joerg},
	year         = 2007,
	journal      = {Journal of Management},
	publisher    = {Sage Publications},
	volume       = 33,
	number       = 3,
	pages        = {479--516},
}
@article{pugh2013designing,
	title        = {Designing Effective Knowledge Networks},
	author       = {Pugh, Katrina and Prusak, Laurence},
	year         = 2013,
	journal      = {MIT Sloan Management Review},
	volume       = 55,
	number       = 1,
	pages        = {79--88},
}
@article{quintane2011innovation,
	title        = {Innovation as a knowledge-based outcome},
	author       = {Quintane, E. and Casselman, R.M. and Reiche, B.S. and Nylund, P.A.},
	year         = 2011,
	journal      = {Journal of Knowledge Management},
	publisher    = {Emerald Group Publishing Limited},
	volume       = 15,
	number       = 6,
	pages        = {928--947},
}
@article{quintane2016brokers,
	title        = {How Do Brokers Broker? Tertius Gaudens, Tertius Iungens, and the Temporality of Structural Holes},
	author       = {Quintane, Eric and Carnabuci, Gianluca},
	year         = 2016,
	journal      = {Organization Science},
	publisher    = {INFORMS},
	volume       = 27,
	number       = 6,
	pages        = {1343--1360},
}
@article{quintane2021temporal,
	title        = {Temporal Brokering: A Measure of Brokerage as a Behavioral Process},
	author       = {Quintane, Eric and Wood, Martin and Dunn, John and Falzon, Lucia},
	year         = 2021,
	journal      = {Organizational Research Methods},
	publisher    = {Sage Publications},
	pages        = 10944281211002911,
}
@inbook{ragin2009reflections,
	title        = {Reflections on casing and case-oriented research},
	author       = {Ragin, Charles C},
	year         = 2009,
	booktitle    = {The Sage handbook of case-based methods},
	publisher    = {Sage Publications},
	pages        = {522--534},
	chapter      = 31,
	editor       = {Byrne, David and Ragin, Charles C}
}
@article{rammstedt2007measuring,
	title        = {Measuring personality in one minute or less: A 10-item short version of the Big Five Inventory in English and German},
	author       = {Rammstedt, Beatrice and John, Oliver P},
	year         = 2007,
	journal      = {Journal of Research in Personality},
	publisher    = {Elsevier},
	volume       = 41,
	number       = 1,
	pages        = {203--212},
}
@article{rasmussen2007work,
	title        = {Work in the virtual enterprise--creating identities, building trust, and sharing knowledge},
	author       = {Rasmussen, Lauge Baungaard and Wangel, Arne},
	year         = 2007,
	journal      = {AI \& Society},
	publisher    = {Springer},
	volume       = 21,
	number       = {1-2},
	pages        = {184--199},
}
@article{reagans2003network,
	title        = {Network structure and knowledge transfer: The effects of cohesion and range},
	author       = {Reagans, Ray and McEvily, Bill},
	year         = 2003,
	journal      = {Administrative Science Quarterly},
	publisher    = {Sage Publications},
	volume       = 48,
	number       = 2,
	pages        = {240--267},
}
@article{reagans2008knowledge,
	title        = {Why knowledge does not equal power: the network redundancy trade-off},
	author       = {Reagans, Ray E and Zuckerman, Ezra W},
	year         = 2008,
	journal      = {Industrial and Corporate Change},
	publisher    = {Oxford Univ Press},
	volume       = 17,
	number       = 5,
	pages        = {903--944},
}
@article{rempel1985trust,
	title        = {Trust in close relationships.},
	author       = {Rempel, John K and Holmes, John G and Zanna, Mark P},
	year         = 1985,
	journal      = {Journal of Personality and Social Psychology},
	publisher    = {American Psychological Association},
	volume       = 49,
	number       = 1,
	pages        = 95,
}
@article{renzl2008trust,
	title        = {Trust in management and knowledge sharing: The mediating effects of fear and knowledge documentation},
	author       = {Renzl, Birgit},
	year         = 2008,
	journal      = {Omega},
	publisher    = {Elsevier},
	volume       = 36,
	number       = 2,
	pages        = {206--220},
}
@article{richards2001reciprocity,
	title        = {Reciprocity and shared knowledge structures in the Prisoner's Dilemma game},
	author       = {Richards, Diana},
	year         = 2001,
	journal      = {Journal of Conflict Resolution},
	publisher    = {Sage Publications},
	volume       = 45,
	number       = 5,
	pages        = {621--635},
}
@book{richards2012readme,
	title        = {Readme first for a user's guide to qualitative methods},
	author       = {Richards, Lyn and Morse, Janice M},
	year         = 2012,
	publisher    = {Sage},
}
@article{richters2011trust,
	title        = {Trust transitivity in social networks},
	author       = {Richters, Oliver and Peixoto, Tiago P},
	year         = 2011,
	journal      = {PloS One},
	publisher    = {Public Library of Science},
	volume       = 6,
	number       = 4,
	pages        = {e18384},
}
@article{riege2005three,
	title        = {Three-dozen knowledge-sharing barriers managers must consider},
	author       = {Riege, Andreas},
	year         = 2005,
	journal      = {Journal of Knowledge Management},
	publisher    = {Emerald Group Publishing Limited},
	volume       = 9,
	number       = 3,
	pages        = {18--35},
}
@article{robert2009individual,
	title        = {Individual swift trust and knowledge-based trust in face-to-face and virtual team members},
	author       = {Robert, Lionel P and Denis, Alan R and Hung, Yu-Ting Caisy},
	year         = 2009,
	journal      = {Journal of Management Information Systems},
	publisher    = {Taylor \& Francis},
	volume       = 26,
	number       = 2,
	pages        = {241--279},
}
@article{robins2007introduction,
	title        = {An introduction to exponential random graph (p\textasteriskcentered) models for social networks},
	author       = {Robins, Garry and Pattison, Pip and Kalish, Yuval and Lusher, Dean},
	year         = 2007,
	journal      = {Social Networks},
	publisher    = {Elsevier},
	volume       = 29,
	number       = 2,
	pages        = {173--191},
}
@article{robins2007recent,
	title        = {Recent developments in exponential random graph p\textasteriskcentered models for social networks},
	author       = {Robins, Garry and Snijders, Tom and Wang, Peng and Handcock, Mark and Pattison, Philippa},
	year         = 2007,
	journal      = {Social Networks},
	publisher    = {Elsevier},
	volume       = 29,
	number       = 2,
	pages        = {192--215},
}
@article{robins2009closure,
	title        = {Closure, connectivity and degree distributions: Exponential random graph (p\textasteriskcentered) models for directed social networks},
	author       = {Robins, Garry and Pattison, Pip and Wang, Peng},
	year         = 2009,
	journal      = {Social Networks},
	publisher    = {Elsevier},
	volume       = 31,
	number       = 2,
	pages        = {105--117},
}
@article{robins2013tutorial,
	title        = {A tutorial on methods for the modeling and analysis of social network data},
	author       = {Robins, Garry},
	year         = 2013,
	journal      = {Journal of Mathematical Psychology},
	publisher    = {Elsevier},
}
@article{rogowski2012estimating,
	title        = {Estimating the causal effects of social interaction with endogenous networks},
	author       = {Rogowski, Jon C and Sinclair, Betsy},
	year         = 2012,
	journal      = {Political Analysis},
	publisher    = {Cambridge University Press},
	volume       = 20,
	number       = 3,
	pages        = {316--328},
}
@article{rost2011strength,
	title        = {The strength of strong ties in the creation of innovation},
	author       = {Rost, Katja},
	year         = 2011,
	journal      = {Research Policy},
	publisher    = {Elsevier},
	volume       = 40,
	number       = 4,
	pages        = {588--604},
}
@book{russell2009human,
	title        = {Human knowledge: Its scope and limits},
	author       = {Russell, Bertrand},
	year         = 2009,
	publisher    = {Routledge},
}
@article{ryan2000intrinsic,
	title        = {Intrinsic and extrinsic motivations: Classic definitions and new directions},
	author       = {Ryan, Richard M and Deci, Edward L},
	year         = 2000,
	journal      = {Contemporary Educational Psychology},
	publisher    = {Elsevier},
	volume       = 25,
	number       = 1,
	pages        = {54--67},
}
@article{ryan2000self,
	title        = {Self-determination theory and the facilitation of intrinsic motivation, social development, and well-being.},
	author       = {Ryan, Richard M and Deci, Edward L},
	year         = 2000,
	journal      = {American Psychologist},
	publisher    = {American Psychological Association},
	volume       = 55,
	number       = 1,
	pages        = {68--78},
}
@article{ryan2014work,
	title        = {The work motivation of research scientists and its effect on research performance},
	author       = {Ryan, James C},
	year         = 2014,
	journal      = {R\&D Management},
	publisher    = {Wiley Online Library},
	volume       = 44,
	number       = 4,
	pages        = {355--369},
}
@book{ryle2009concept,
	title        = {The concept of mind},
	author       = {Ryle, Gilbert},
	year         = 2009,
	publisher    = {Routledge},
}
@article{saether1998retroduction,
	title        = {Retroduction: an alternative research strategy?},
	author       = {S{\ae}ther, Bj{\o}rnar},
	year         = 1998,
	journal      = {Business Strategy and the Environment},
	publisher    = {Wiley Online Library},
	volume       = 7,
	number       = 4,
	pages        = {245--249},
}
@book{saldana2015coding,
	title        = {The coding manual for qualitative researchers},
	author       = {Salda{\~n}a, Johnny},
	year         = 2015,
	publisher    = {Sage},
}
@article{sankowska2013relationships,
	title        = {Relationships between organizational trust, knowledge transfer, knowledge creation, and firm's innovativeness},
	author       = {Sankowska, Anna},
	year         = 2013,
	journal      = {The Learning Organization},
	publisher    = {Emerald Group Publishing Limited},
	volume       = 20,
	number       = 1,
	pages        = {85--100},
}
@book{sayer1999realism,
	title        = {Realism and social science},
	author       = {Sayer, Andrew},
	year         = 1999,
	publisher    = {Sage},
}
@article{schepis2021facilitating,
	title        = {Facilitating open innovation processes through network orchestration mechanisms},
	author       = {Schepis, Daniel and Purchase, Sharon and Butler, Bella},
	year         = 2021,
	journal      = {Industrial Marketing Management},
	publisher    = {Elsevier},
	volume       = 93,
	pages        = {270--280},
}
@article{schilke2015power,
	title        = {Power decreases trust in social exchange},
	author       = {Schilke, Oliver and Reimann, Martin and Cook, Karen S},
	year         = 2015,
	journal      = {Proceedings of the National Academy of Sciences},
	publisher    = {National Acad Sciences},
	volume       = 112,
	number       = 42,
	pages        = {12950--12955},
}
@article{schultze2004knowing,
	title        = {Knowing what you don't know? Discourses and contradictions in knowledge management research},
	author       = {Schultze, Ulrike and Stabell, Charles},
	year         = 2004,
	journal      = {Journal of Management Studies},
	publisher    = {Wiley Online Library},
	volume       = 41,
	number       = 4,
	pages        = {549--573},
}
@article{segal2007tit,
	title        = {Tit for tat: Foundations of preferences for reciprocity in strategic settings},
	author       = {Segal, Uzi and Sobel, Joel},
	year         = 2007,
	journal      = {Journal of Economic Theory},
	publisher    = {Elsevier},
	volume       = 136,
	number       = 1,
	pages        = {197--216},
}
@article{seidler2008use,
	title        = {The use of tacit knowledge within innovative companies: knowledge management in innovative enterprises},
	author       = {Seidler-de Alwis, Ragna and Hartmann, Evi},
	year         = 2008,
	journal      = {Journal of Knowledge Management},
	publisher    = {Emerald Group Publishing Limited},
	volume       = 12,
	number       = 1,
	pages        = {133--147},
}
@incollection{senker2008contribution,
	title        = {The contribution of tacit knowledge to innovation},
	author       = {Senker, Jacqueline},
	year         = 2008,
	booktitle    = {Cognition, communication and interaction},
	publisher    = {Springer},
	pages        = {376--392},
}
@article{shannon2016making,
	title        = {Making paradigms meaningful in mixed methods research},
	author       = {Shannon-Baker, Peggy},
	year         = 2016,
	journal      = {Journal of Mixed Methods Research},
	publisher    = {Sage Publications},
	volume       = 10,
	number       = 4,
	pages        = {319--334},
}
@article{shao2017charismatic,
	title        = {Charismatic leadership and tacit knowledge sharing in the context of enterprise systems learning: the mediating effect of psychological safety climate and intrinsic motivation},
	author       = {Shao, Zhen and Feng, Yuqiang and Wang, Tienan},
	year         = 2017,
	journal      = {Behaviour \& Information Technology},
	publisher    = {Taylor \& Francis},
	volume       = 36,
	number       = 2,
	pages        = {194--208},
}
@article{sherchan2013survey,
	title        = {A survey of trust in social networks},
	author       = {Sherchan, Wanita and Nepal, Surya and Paris, Cecile},
	year         = 2013,
	journal      = {ACM Computing Surveys (CSUR)},
	publisher    = {ACM New York, NY, USA},
	volume       = 45,
	number       = 4,
	pages        = {1--33},
}
@article{shumate2010exponential,
	title        = {Exponential random graph (p\textasteriskcentered) models as a method for social network analysis in communication research},
	author       = {Shumate, Michelle and Palazzolo, Edward T},
	year         = 2010,
	journal      = {Communication Methods and Measures},
	publisher    = {Taylor \& Francis},
	volume       = 4,
	number       = 4,
	pages        = {341--371},
}
@book{simmel1950sociology,
	title        = {The Sociology of Georg Simmel},
	author       = {Simmel, Georg},
	year         = 1950,
	publisher    = {Simon and Schuster},
}
@article{simpson2011network,
	title        = {Network knowledge and the use of power},
	author       = {Simpson, Brent and Markovsky, Barry and Steketee, Mike},
	year         = 2011,
	journal      = {Social Networks},
	publisher    = {Elsevier},
	volume       = 33,
	number       = 2,
	pages        = {172--176},
}
@article{singh2019territoriality,
	title        = {Territoriality, task performance, and workplace deviance: Empirical evidence on role of knowledge hiding},
	author       = {Singh, Sanjay Kumar},
	year         = 2019,
	journal      = {Journal of Business Research},
	publisher    = {Elsevier},
	volume       = 97,
	pages        = {10--19},
}
@article{smith2001role,
	title        = {The role of tacit and explicit knowledge in the workplace},
	author       = {Smith, Elizabeth A},
	year         = 2001,
	journal      = {Journal of Knowledge Management},
	publisher    = {MCB UP Ltd},
	volume       = 5,
	number       = 4,
	pages        = {311--321},
}
@article{sorrell2018explaining,
	title        = {Explaining sociotechnical transitions: A critical realist perspective},
	author       = {Sorrell, Steve},
	year         = 2018,
	journal      = {Research Policy},
	publisher    = {Elsevier},
	volume       = 47,
	number       = 7,
	pages        = {1267--1282},
}
@article{sparrowe2011publishing,
	title        = {Publishing in AMJ--Part 4: Grounding Hypotheses},
	author       = {Sparrowe, Raymond T and Mayer, Kyle J},
	year         = 2011,
	journal      = {Academy of Management Journal},
	publisher    = {Academy of Management},
	volume       = 54,
	number       = 6,
	pages        = {1098--1102},
}
@article{spender1996making,
	title        = {Making knowledge the basis of a dynamic theory of the firm},
	author       = {Spender, J-C},
	year         = 1996,
	journal      = {Strategic Management Journal},
	publisher    = {Wiley Online Library},
	volume       = 17,
	pages        = {45--62},
}
@article{spender1996organizational,
	title        = {Organizational knowledge, learning and memory: three concepts in search of a theory},
	author       = {Spender, J-C},
	year         = 1996,
	journal      = {Journal of Organizational Change Management},
	publisher    = {MCB UP Ltd},
	volume       = 9,
	number       = 1,
	pages        = {63--78},
}
@article{spiro2013extended,
	title        = {Extended structures of mediation: Re-examining brokerage in dynamic networks},
	author       = {Spiro, Emma S and Acton, Ryan M and Butts, Carter T},
	year         = 2013,
	journal      = {Social Networks},
	publisher    = {Elsevier},
	volume       = 35,
	number       = 1,
	pages        = {130--143},
}
@article{spithoven2013open,
	title        = {Open innovation practices in SMEs and large enterprises},
	author       = {Spithoven, Andr{\'e} and Vanhaverbeke, Wim and Roijakkers, Nadine},
	year         = 2013,
	journal      = {Small Business Economics},
	publisher    = {Springer},
	volume       = 41,
	number       = 3,
	pages        = {537--562},
}
@article{spreitzer1995psychological,
	title        = {Psychological empowerment in the workplace: Dimensions, measurement, and validation},
	author       = {Spreitzer, Gretchen M},
	year         = 1995,
	journal      = {Academy of Management Journal},
	publisher    = {Academy of Management},
	volume       = 38,
	number       = 5,
	pages        = {1442--1465},
}
@inbook{stake2005qualitative,
	title        = {Qualitative case studies},
	author       = {Stake, Robert E},
	year         = 2005,
	booktitle    = {Handbook of Qualitative Research},
	publisher    = {Sage Publications},
	pages        = {443 -- 466},
	chapter      = 17,
	editor       = {Denzin, NK and Lincoln YS}
}
@article{stanko2017under,
	title        = {Under the Wide Umbrella of Open Innovation},
	author       = {Stanko, Michael A and Fisher, Gregory J and Bogers, Marcel},
	year         = 2017,
	journal      = {Journal of Product Innovation Management},
	volume       = 4,
	number       = 34,
	pages        = {543--558},
}
@article{stephan1996economics,
	title        = {The economics of science},
	author       = {Stephan, Paula E},
	year         = 1996,
	journal      = {Journal of Economic Literature},
	publisher    = {JSTOR},
	volume       = 34,
	number       = 3,
	pages        = {1199--1235},
}
@book{sternberg1999tacit,
	title        = {Tacit knowledge in professional practice: Researcher and practitioner perspectives},
	author       = {Sternberg, Robert J and Horvath, Joseph A and others},
	year         = 1999,
	month        = {March},
	publisher    = {Psychology Press},
	number       = 1093,
	institution  = {U.S. Army Research Institute for the Behavioral and Social Sciences}
}
@article{stovel2012brokerage,
	title        = {Brokerage},
	author       = {Stovel, Katherine and Shaw, Lynette},
	year         = 2012,
	journal      = {Annual Review of Sociology},
	publisher    = {Annual Reviews},
	volume       = 38,
	pages        = {139--158},
}
@article{sun2010examination,
	title        = {An Examination of the Relationship Between Absorptive Capacity and Organizational Learning, and a Proposed Integration},
	author       = {Sun, Peter YT and Anderson, Marc H},
	year         = 2010,
	journal      = {International Journal of Management Reviews},
	publisher    = {Wiley-Blackwell},
	volume       = 12,
	number       = 2,
	pages        = {130--150},
}
@article{suominen2021gold,
	title        = {{\lq Gold\rq, \lq Ribbon \rq or \lq Puzzle\rq}: What motivates researchers to work in Research and Technology Organizations},
	author       = {Suominen, Arho and Kauppinen, Henni and Hyytinen, Kirsi},
	year         = 2021,
	journal      = {Technological Forecasting and Social Change},
	publisher    = {Elsevier},
	volume       = 170,
	pages        = 120882,
}
@article{suppiah2011organisational,
	title        = {Organisational culture's influence on tacit knowledge-sharing behaviour},
	author       = {Suppiah, Visvalingam and Sandhu, Manjit Singh},
	year         = 2011,
	journal      = {Journal of Knowledge Management},
	publisher    = {Emerald Group Publishing Limited},
	volume       = 15,
	number       = 3,
	pages        = {462--477},
}
@article{sweet2012testing,
	title        = {Testing and integrating self-determination theory and self-efficacy theory in a physical activity context.},
	author       = {Sweet, Shane N and Fortier, Michelle S and Strachan, Shaelyn M and Blanchard, Chris M},
	year         = 2012,
	journal      = {Canadian Psychology/Psychologie Canadienne},
	publisher    = {Educational Publishing Foundation},
	volume       = 53,
	number       = 4,
	pages        = 319,
}
@article{sytch2013exploring,
	title        = {Exploring the Locus of Invention: The Dynamics of Network Communities and Firms' Invention Productivity},
	author       = {Sytch, Maxim and Tatarynowicz, Adam},
	year         = 2013,
	journal      = {Academy of Management Journal,},
}
@article{szulanski1996exploring,
	title        = {Exploring internal stickiness: Impediments to the transfer of best practice within the firm},
	author       = {Szulanski, Gabriel},
	year         = 1996,
	journal      = {Strategic Management Journal},
	publisher    = {Wiley Online Library},
	volume       = 17,
	number       = {S2},
	pages        = {27--43},
}
@book{szulanski2003sticky,
	title        = {Sticky Knowledge: Barriers to Knowing in the Firm},
	author       = {Szulanski, Gabriel},
	year         = 2003,
	publisher    = {Sage Publications},
}
@article{szulanski2016overcoming,
	title        = {Overcoming Stickiness: How the Timing of Knowledge Transfer Methods Affects Transfer Difficulty},
	author       = {Szulanski, Gabriel and Ringov, Dimo and Jensen, Robert J},
	year         = 2016,
	journal      = {Organization Science},
	publisher    = {Informs},
	volume       = 27,
	number       = 2,
	pages        = {304--322},
}
@article{tan2011understanding,
	title        = {Understanding the {\enquote{Structure} and the \enquote{Agency}} debate in the social sciences},
	author       = {Tan, Sherman},
	year         = 2011,
	journal      = {Habitus},
	publisher    = {Yale Department of Sociology},
	volume       = 1,
	pages        = {37--50},
}
@article{teece1998capturing,
	title        = {Capturing value from knowledge assets: The new economy, markets for know-how, and intangible assets},
	author       = {Teece, David J},
	year         = 1998,
	journal      = {California Management Review},
	publisher    = {World Scientific},
	volume       = 40,
	pages        = {55--79},
}
@book{tell2017managing,
	title        = {Managing knowledge integration across boundaries},
	author       = {Tell, Fredrik and Berggren, Christian and Brusoni, Stefano and Van de Ven, Andrew},
	year         = 2017,
	publisher    = {Oxford University Press},
}
@article{terhorst2018tacit,
	title        = {Tacit knowledge sharing in open innovation projects},
	author       = {Terhorst, Andrew and Lusher, Dean and Bolton, Dianne and Elsum, Ian and Wang, Peng},
	year         = 2018,
	journal      = {Project Management Journal},
	publisher    = {Sage Publications},
	volume       = 49,
	number       = 4,
	pages        = {5--19},
}
@article{thomas2021tacit,
	title        = {Tacit knowledge in organizations: bibliometrics and a framework-based systematic review of antecedents, outcomes, theories, methods and future directions},
	author       = {Thomas, Asha and Gupta, Vikas},
	year         = 2021,
	journal      = {Journal of Knowledge Management},
	publisher    = {Emerald Publishing Limited},
}
@article{tierney2002creative,
	title        = {Creative self-efficacy: Its potential antecedents and relationship to creative performance.},
	author       = {Tierney, Pamela and Farmer, Steven M},
	year         = 2002,
	journal      = {Academy of Management Journal},
	publisher    = {Academy of Management},
	volume       = 45,
	number       = 6,
	pages        = {1137--1148},
}
@article{tierney2011creative,
	title        = {Creative self-efficacy development and creative performance over time.},
	author       = {Tierney, Pamela and Farmer, Steven M},
	year         = 2011,
	journal      = {Journal of Applied Psychology},
	publisher    = {American Psychological Association},
	volume       = 96,
	number       = 2,
	pages        = 277,
}
@article{todorova2007absorptive,
	title        = {Absorptive capacity: valuing a reconceptualization},
	author       = {Todorova, Gergana and Durisin, Boris},
	year         = 2007,
	journal      = {Academy of Management Review},
	publisher    = {Academy of Management},
	volume       = 32,
	number       = 3,
	pages        = {774--786},
}
@article{tortoriello2015social,
	title        = {The social underpinnings of absorptive capacity: The moderating effects of structural holes on innovation generation based on external knowledge},
	author       = {Tortoriello, Marco},
	year         = 2015,
	journal      = {Strategic Management Journal},
	publisher    = {Wiley Online Library},
	volume       = 36,
	number       = 4,
	pages        = {586--597},
}
@article{trewin2000australian,
	title        = {Australian standard classification of education (ASCED)},
	author       = {Trewin, D},
	year         = 2000,
	journal      = {Australian Bureau of Statistics},
}
@article{tsoukas2001organizational,
	title        = {What is organizational knowledge?},
	author       = {Tsoukas, Haridimos and Vladimirou, Efi},
	year         = 2001,
	journal      = {Journal of Management Studies},
	publisher    = {Wiley Online Library},
	volume       = 38,
	number       = 7,
	pages        = {973--993},
}
@article{turner2003natureoftheproject,
	title        = {On the nature of the project as a temporary organization},
	author       = {Turner, J Rodney and M\"uller, Ralf},
	year         = 2003,
	journal      = {International Journal of Project Management},
	publisher    = {Elsevier},
	volume       = 21,
	number       = 1,
	pages        = {1--8},
}
@article{tushman1981boundary,
	title        = {Boundary spanning individuals: Their role in information transfer and their antecedents},
	author       = {Tushman, Michael L and Scanlan, Thomas J},
	year         = 1981,
	journal      = {Academy of management journal},
	publisher    = {Academy of Management},
	volume       = 24,
	number       = 2,
	pages        = {289--305},
}
@article{urbancova2013competitive,
	title        = {Competitive advantage achievement through innovation and knowledge},
	author       = {Urbancov{\'a}, Hana},
	year         = 2013,
	journal      = {Journal of Competitiveness},
	publisher    = {Tomas Bata University in Zlin, Faculty of Management and Economics},
	volume       = 5,
	number       = 1,
}
@article{van1986central,
	title        = {Central problems in the management of innovation},
	author       = {Van de Ven, Andrew H},
	year         = 1986,
	journal      = {Management Science},
	publisher    = {INFORMS},
	volume       = 32,
	number       = 5,
	pages        = {590--607},
}
@article{van1999coevolution,
	title        = {Coevolution of firm absorptive capacity and knowledge environment: Organizational forms and combinative capabilities},
	author       = {Van Den Bosch, Frans AJ and Volberda, Henk W and De Boer, Michiel},
	year         = 1999,
	journal      = {Organization Science},
	publisher    = {INFORMS},
	volume       = 10,
	number       = 5,
	pages        = {551--568},
}
@article{van2006conducting,
	title        = {Conducting online surveys},
	author       = {Van Selm, Martine and Jankowski, Nicholas W},
	year         = 2006,
	journal      = {Quality and Quantity},
	publisher    = {Springer},
	volume       = 40,
	number       = 3,
	pages        = {435--456},
}
@book{van2007engaged,
	title        = {Engaged scholarship: A guide for organizational and social research},
	author       = {Van de Ven, Andrew H},
	year         = 2007,
	publisher    = {Oxford University Press},
}
@article{van2008interactive,
	title        = {Interactive effects of work group and organizational identification on job satisfaction and extra-role behavior},
	author       = {Van Dick, Rolf and van Knippenberg, Daan and Kerschreiter, Rudolf and Hertel, Guido and Wieseke, Jan},
	year         = 2008,
	journal      = {Journal of Vocational Behavior},
	publisher    = {Elsevier},
	volume       = 72,
	number       = 3,
	pages        = {388--399},
}
@article{van2018motivational,
	title        = {The motivational potential of meaningful work: Relationships with strengths use, work engagement, and performance},
	author       = {Van Wingerden, Jessica and Van der Stoep, Joost},
	year         = 2018,
	journal      = {PloS One},
	publisher    = {Public Library of Science San Francisco, CA USA},
	volume       = 13,
	number       = 6,
	pages        = {e0197599},
}
@inproceedings{vanhaverbeke2007connecting,
	title        = {Connecting absorptive capacity and open innovation},
	author       = {Vanhaverbeke, Wim and Cloodt, Myriam and Van de Vrande, Vareska},
	year         = 2007,
	booktitle    = {Centre for Advanced Study Workshop on Innovation in Firms},
	publisher    = {SSRN},
}
@misc{vansteenkiste2020basic,
	title        = {Basic psychological need theory: Advancements, critical themes, and future directions},
	author       = {Vansteenkiste, Maarten and Ryan, Richard M and Soenens, Bart},
	year         = 2020,
	publisher    = {Springer},
}
@book{venables2013modern,
	title        = {Modern applied statistics with S-PLUS},
	author       = {Venables, William N and Ripley, Brian D},
	year         = 2013,
	publisher    = {Springer Science \& Business Media},
}
@article{venkitachalam2012tacit,
	title        = {Tacit knowledge: review and possible research directions},
	author       = {Venkitachalam, Krishna and Busch, Peter},
	year         = 2012,
	journal      = {Journal of Knowledge Management},
	publisher    = {Emerald Group Publishing Limited},
	volume       = 16,
	number       = 2,
	pages        = {357--372},
}
@article{von1994sticky,
	title        = {{\enquote{Sticky information}} and the locus of problem solving: implications for innovation},
	author       = {Von Hippel, Eric},
	year         = 1994,
	journal      = {Management Science},
	publisher    = {INFORMS},
	volume       = 40,
	number       = 4,
	pages        = {429--439},
}
@article{wang2014knowledge,
	title        = {Knowledge networks, collaboration networks, and exploratory innovation},
	author       = {Wang, Chunlei and Rodan, Simon and Fruin, Mark and Xu, Xiaoyan},
	year         = 2014,
	journal      = {Academy of Management Journal},
	publisher    = {Academy of Management Briarcliff Manor, NY},
	volume       = 57,
	number       = 2,
	pages        = {484--514},
}
@manual{wang2014mpnet,
	title        = {MPNet: Program for the simulation and estimation of (p\textasteriskcentered) exponential random graph models for multilevel networks},
	author       = {Wang, Peng and Robins, GL and Pattison, PE and Koskinen, JH},
	year         = 2014,
	month        = {June},
	publisher    = {Melbourne School of Psychological Sciences},
	organization = {The University of Melbourne}
}
@article{wasserman1996logit,
	title        = {Logit models and logistic regressions for social networks: I. An introduction to Markov graphs and p\textasteriskcentered},
	author       = {Wasserman, Stanley and Pattison, Philippa},
	year         = 1996,
	journal      = {Psychometrika},
	publisher    = {Springer},
	volume       = 61,
	number       = 3,
	pages        = {401--425},
}
@article{webb2002depth,
	title        = {Depth-of-knowledge levels for four content areas},
	author       = {Webb, Norman L},
	year         = 2002,
	journal      = {Language Arts},
	volume       = 28,
	number       = {March},
}
@manual{wei2017corrplot,
	title        = {R package "corrplot": Visualization of a Correlation Matrix},
	author       = {Taiyun Wei and Viliam Simko},
	year         = 2017,
	url          = {https://github.com/taiyun/corrplot},
	note         = {(Version 0.84)},
	bdsk-url-1   = {https://github.com/taiyun/corrplot}
}
@article{welch2011theorising,
	title        = {Theorising from case studies: Towards a pluralist future for international business research},
	author       = {Welch, Catherine and Piekkari, Rebecca and Plakoyiannaki, Emmanuella and Paavilainen-M{\"a}ntym{\"a}ki, Eriikka},
	year         = 2011,
	journal      = {Journal of International Business Studies},
	publisher    = {Springer},
	volume       = 42,
	number       = 5,
	pages        = {740--762},
}
@article{wenger2000communities,
	title        = {Communities of practice and social learning systems},
	author       = {Wenger, Etienne},
	year         = 2000,
	journal      = {Organization},
	publisher    = {Sage Publications},
	volume       = 7,
	number       = 2,
	pages        = {225--246},
}
@article{wenger2011communities,
	title        = {Communities of practice: A brief introduction},
	author       = {Wenger, Etienne},
	year         = 2011,
	publisher    = {National Science Foundation (US)},
}
@article{wernerfelt1984resource,
	title        = {A resource-based view of the firm},
	author       = {Wernerfelt, Birger},
	year         = 1984,
	journal      = {Strategic Management Journal},
	publisher    = {Wiley Online Library},
	volume       = 5,
	number       = 2,
	pages        = {171--180},
}
@article{west2008getting,
	title        = {Getting clear about communities in open innovation},
	author       = {West, Joel and Lakhani, Karim R},
	year         = 2008,
	journal      = {Industry and Innovation},
	publisher    = {Taylor \& Francis},
	volume       = 15,
	number       = 2,
	pages        = {223--231},
}
@article{whelan2011creating,
	title        = {Creating employee networks that deliver open innovation},
	author       = {Whelan, Eoin and Parise, Salvatore and De Valk, Jasper and Aalbers, Rick},
	year         = 2011,
	journal      = {MIT Sloan Management Review},
	publisher    = {Island Press},
	volume       = 53,
	number       = 1,
	pages        = {37--44},
}
@article{white1959motivation,
	title        = {Motivation reconsidered: The concept of competence.},
	author       = {White, Robert W},
	year         = 1959,
	journal      = {Psychological Review},
	publisher    = {American Psychological Association},
	volume       = 66,
	number       = 5,
	pages        = 297,
}
@book{wickham2016ggplot2,
	title        = {ggplot2: Elegant graphics for data analysis},
	author       = {Wickham, Hadley},
	year         = 2016,
	publisher    = {Springer},
}
@manual{wickham2017tidyverse,
	title        = {tidyverse: Easily Install and Load the 'Tidyverse'},
	author       = {Hadley Wickham},
	year         = 2017,
	url          = {https://CRAN.R-project.org/package=tidyverse},
	note         = {R package version 1.2.1},
	bdsk-url-1   = {https://CRAN.R-project.org/package=tidyverse}
}
@manual{wickham2018httr,
	title        = {httr: Tools for Working with URLs and HTTP},
	author       = {Hadley Wickham},
	year         = 2018,
	url          = {https://CRAN.R-project.org/package=httr},
	note         = {R package version 1.4.0},
	bdsk-url-1   = {https://CRAN.R-project.org/package=httr}
}
@manual{wickham2019readxl,
	title        = {readxl: Read Excel Files},
	author       = {Hadley Wickham and Jennifer Bryan},
	year         = 2019,
	url          = {https://CRAN.R-project.org/package=readxl},
	note         = {R package version 1.3.1},
	bdsk-url-1   = {https://CRAN.R-project.org/package=readxl}
}
@inbook{winter1987knowledge,
	title        = {Knowledge and competence as strategic assets},
	author       = {Winter, Sidney G},
	year         = 1987,
	booktitle    = {The Strategic Management of Intellectual Capital},
	publisher    = {Butterworth-Heinemann},
	pages        = {161--187},
	chapter      = 11,
	editor       = {Klein, David}
}
@article{witherspoon2013antecedents,
	title        = {Antecedents of organizational knowledge sharing: a meta-analysis and critique},
	author       = {Witherspoon, Candace L and Bergner, Jason and Cockrell, Cam and Stone, Dan N},
	year         = 2013,
	journal      = {Journal of Knowledge Management},
	publisher    = {Emerald Group Publishing Limited},
	volume       = 17,
	number       = 2,
	pages        = {250--277},
}
@article{wixom2005theoretical,
	title        = {A theoretical integration of user satisfaction and technology acceptance},
	author       = {Wixom, Barbara H and Todd, Peter A},
	year         = 2005,
	journal      = {Information Systems Research},
	publisher    = {INFORMS},
	volume       = 16,
	number       = 1,
	pages        = {85--102},
}
@article{wynn2012principles,
	title        = {Principles for conducting critical realist case study research in information systems},
	author       = {Wynn, Donald and Williams, Clay K},
	year         = 2012,
	journal      = {MIS Quarterly},
	publisher    = {Society for Information Management and The Management Information Systems Research Center},
	volume       = 36,
	number       = 3,
	pages        = {787--810},
}
@article{xia2016unpacking,
	title        = {Unpacking Open Innovation: Absorptive Capacity, Exploratory and Exploitative Openness, and the Growth of Entrepreneurial Biopharmaceutical Firms},
	author       = {Xia, Tianjiao and Roper, Stephen},
	year         = 2016,
	journal      = {Journal of Small Business Management},
	publisher    = {Wiley Online Library},
}
@inproceedings{xu2013inbound,
	title        = {Inbound and Outbound Open Innovation in Clusters},
	author       = {Xu, Yin-jie and Zheng, Jian-zhuang},
	year         = 2013,
	booktitle    = {The 19th International Conference on Industrial Engineering and Engineering Management},
	pages        = {667--676},
	organization = {Springer}
}
@inproceedings{yang2006knowledge,
	title        = {Knowledge sharing in an organization-Share or not?},
	author       = {Yang, Heng-Li and Wu, Ted CT},
	year         = 2006,
	booktitle    = {International Conference on Computing \& Informatics},
	pages        = {1--7},
	organization = {IEEE}
}
@article{yayavaram2008decomposability,
	title        = {Decomposability in knowledge structures and its impact on the usefulness of inventions and knowledge-base malleability},
	author       = {Yayavaram, Sai and Ahuja, Gautam},
	year         = 2008,
	journal      = {Administrative Science Quarterly},
	publisher    = {Sage Publications},
	volume       = 53,
	number       = 2,
	pages        = {333--362},
}
@article{ye2013exploring,
	title        = {Exploring innovation through open networks: A review and initial research questions},
	author       = {Ye, Jonathan and Kankanhalli, Atreyi},
	year         = 2013,
	journal      = {IIMB Management Review},
	publisher    = {Elsevier},
	volume       = 25,
	number       = 2,
	pages        = {69--82},
}
@article{yildiz2019fosters,
	title        = {What fosters individual-level absorptive capacity in MNCs? An extended motivation--ability--opportunity framework},
	author       = {Yildiz, H Emre and Murtic, Adis and Zander, Udo and Richtn{\'e}r, Anders},
	year         = 2019,
	journal      = {Management International Review},
	publisher    = {Springer},
	volume       = 59,
	number       = 1,
	pages        = {93--129},
}
@book{yin2009case,
	title        = {Case study research: Design and methods},
	author       = {Yin, Robert K},
	year         = 2009,
	publisher    = {Sage Publications},
	series       = {Applied Social Research Methods},
	volume       = 5,
	edition      = {4th}
}
@article{yin2020measuring,
	title        = {Measuring directed triadic closure with closure coefficients},
	author       = {Yin, Hao and Benson, Austin R and Ugander, Johan},
	year         = 2020,
	journal      = {Network Science},
	publisher    = {Cambridge University Press},
	volume       = 8,
	number       = 4,
	pages        = {551--573},
}
@article{yun2016network,
	title        = {Network analysis of open innovation},
	author       = {Yun, JinHyo Joseph and Jeong, EuiSeob and Park, JinSeu},
	year         = 2016,
	journal      = {Sustainability},
	publisher    = {Multidisciplinary Digital Publishing Institute},
	volume       = 8,
	number       = 8,
	pages        = 729,
}
@article{zachariadis2013methodological,
	title        = {Methodological implications of critical realism for mixed-methods research},
	author       = {Zachariadis, Markos and Scott, Susan and Barrett, Michael},
	year         = 2013,
	journal      = {MIS Quarterly},
	publisher    = {JSTOR},
	pages        = {855--879},
}
@article{zahra2002absorptive,
	title        = {Absorptive capacity: A review, reconceptualization, and extension},
	author       = {Zahra, Shaker A and George, Gerard},
	year         = 2002,
	journal      = {Academy of Management Review},
	publisher    = {Academy of Management},
	volume       = 27,
	number       = 2,
	pages        = {185--203},
}
@article{zander1995knowledge,
	title        = {Knowledge and the speed of the transfer and imitation of organizational capabilities: An empirical test},
	author       = {Zander, Udo and Kogut, Bruce},
	year         = 1995,
	journal      = {Organization Science},
	publisher    = {INFORMS},
	volume       = 6,
	number       = 1,
	pages        = {76--92},
}
@article{zhang2016critical,
	title        = {Critical factors affecting tacit-knowledge sharing within the integrated project team},
	author       = {Zhang, Lianying and He, Jing},
	year         = 2016,
	journal      = {Journal of Management in Engineering},
	publisher    = {American Society of Civil Engineers},
	volume       = 32,
	number       = 2,
	pages        = {04015045},
}
@article{zhang2020extended,
	title        = {An extended SECI model to incorporate inter-organisational knowledge flows and open innovation},
	author       = {Zhang, Zhenyu and Huang, Fang},
	year         = 2020,
	journal      = {International Journal of Knowledge Management Studies},
	publisher    = {Inderscience Publishers},
	volume       = 11,
	number       = 4,
	pages        = {408--419},
}
@inproceedings{zhu2007social,
	title        = {Social network analysis application in tacit knowledge management},
	author       = {Zhu, Weiping and Shao, Liangshan and Huang, Zhuqing},
	year         = 2007,
	booktitle    = {Intelligent Information Technology Application, Workshop on},
	pages        = {294--297},
	organization = {IEEE}
}
@article{zobel2016benefiting,
	title        = {Benefiting from Open Innovation: A Multidimensional Model of Absorptive Capacity},
	author       = {Zobel, Ann-Kristin},
	year         = 2016,
	journal      = {Journal of Product Innovation Management},
	publisher    = {Wiley Online Library},
	volume       = 34,
	number       = 3,
	pages        = {269--288},
}