
@InCollection{	  obstfeld2014brokerage,
  author	= {Obstfeld, David and Borgatti, Stephen P and Davis, Jason},
  title		= {Brokerage as a process: Decoupling third party action from
		  social network structure},
  booktitle	= {Contemporary Perspectives on Organizational Social
		  Networks},
  year		= {2014},
  pages		= {135--159},
  publisher	= {Emerald Group Publishing Limited}
}

@Article{	  mcevily2014more,
  title		= {More Formally: Rediscovering the Missing Link between
		  Formal Organization and Informal Social Structure},
  author	= {McEvily, Bill and Soda, Giuseppe and Tortoriello, Marco},
  journal	= {The Academy of Management Annals},
  volume	= {8},
  number	= {1},
  pages		= {299--345},
  year		= {2014},
  publisher	= {Taylor \& Francis}
}

@Article{	  jen2014social,
  title		= {Social Ties, Knowledge Diversity and Individual
		  Creativity.},
  author	= {Jen, Ching Tsung},
  journal	= {Journal of Business Studies Quarterly},
  volume	= {6},
  number	= {2},
  year		= {2014}
}

@Article{	  dokko2014one,
  title		= {One of us or one of my friends: How social identity and
		  tie strength shape the creative generativity of
		  boundary-spanning ties},
  author	= {Dokko, Gina and Kane, Aim{\'e}e A and Tortoriello, Marco},
  journal	= {Organization Studies},
  volume	= {35},
  number	= {5},
  pages		= {703--726},
  year		= {2014},
  publisher	= {Sage Publications}
}

@Book{		  saldana2015coding,
  title		= {The coding manual for qualitative researchers},
  author	= {Salda{\~n}a, Johnny},
  year		= {2015},
  publisher	= {Sage}
}

@InBook{	  leonard2014knowledge,
  author	= {Leonard, Dorothy and Barton, Michelle},
  title		= {Knowledge and the Management of Creativity and
		  Innovation},
  booktitle	= {The Oxford Handbook of Innovation Management},
  year		= {2014},
  editor	= {Mark Dodgson and David M. Gann and Nelson Phillips},
  pages		= {121--138},
  publisher	= {Oxford University Press Oxford}
}

@Article{	  mittal2015transformational,
  title		= {Transformational leadership and employee creativity:
		  mediating role of creative self-efficacy and moderating
		  role of knowledge sharing},
  author	= {Mittal, Swati and Dhar, Rajib Lochan},
  journal	= {Management Decision},
  volume	= {53},
  number	= {5},
  pages		= {894--910},
  year		= {2015},
  publisher	= {Emerald Group Publishing Limited}
}

@Book{		  easterby2015management,
  title		= {Management and business research},
  author	= {Easterby-Smith, Mark and Thorpe, Richard and Jackson, Paul
		  R},
  year		= {2015},
  publisher	= {Sage}
}

@Article{	  munoz2015tacit,
  title		= {The tacit mystery: reconciling different approaches to
		  tacit knowledge},
  author	= {Mu{\~n}oz, Cristian A and Mosey, Simon and Binks, Martin},
  journal	= {Knowledge Management Research \& Practice},
  volume	= {13},
  number	= {3},
  pages		= {289--298},
  year		= {2015},
  publisher	= {Nature Publishing Group}
}

@InBook{	  bellotti2014qualitative,
  author	= {Bellotti, Elisa},
  title		= {Talking ties: Micro processes of local structures in
		  friendship networks},
  booktitle	= {Qualitative Networks: Mixed Methods in Sociological
		  Research},
  chapter	= {4},
  year		= {2014},
  pages		= {77--107},
  publisher	= {Taylor and Francis},
  month		= {August}
}

@InBook{	  chesbrough2014explicating,
  author	= {Chesbrough, Henry and Bogers, Marcel},
  title		= {Explicating open innovation: Clarifying an emerging
		  paradigm for understanding innovation.},
  booktitle	= {New frontiers in open innovation},
  chapter	= {1},
  year		= {2014},
  editor	= {Chesbrough, Henry and Vanhaverbeke, Wim and West, Joel},
  publisher	= {Oxford University Press},
  pages		= {3--28}
}

@Article{	  biancani2014semiformal,
  title		= {The Semiformal Organization},
  author	= {Biancani, Susan and McFarland, Daniel A and Dahlander,
		  Linus},
  journal	= {Organization Science},
  year		= {2014},
  publisher	= {INFORMS}
}

@Article{	  dell2015absorptive,
  title		= {Absorptive and desorptive capacity of actors within
		  university-industry relations: does technology transfer
		  matter?},
  author	= {Dell’Anno, Davide and Del Giudice, Manlio},
  journal	= {Journal of Innovation and Entrepreneurship},
  volume	= {4},
  number	= {1},
  pages		= {13},
  year		= {2015},
  publisher	= {SpringerOpen}
}

@Article{	  marabelli2014knowing,
  title		= {Knowing, power and materiality: A critical review and
		  reconceptualization of absorptive capacity},
  author	= {Marabelli, Marco and Newell, Sue},
  journal	= {International Journal of Management Reviews},
  volume	= {16},
  number	= {4},
  pages		= {479--499},
  year		= {2014},
  publisher	= {Wiley Online Library}
}

@MastersThesis{	  cococcioni2014exploring,
  author	= {Cococoioni, Francesca and De Giudici, Lucovico},
  title		= {Exploring Project Management in Open Innovation Projects},
  school	= {Chalmers University of Technology},
  year		= {2014}
}

@Article{	  schilke2015power,
  title		= {Power decreases trust in social exchange},
  author	= {Schilke, Oliver and Reimann, Martin and Cook, Karen S},
  journal	= {Proceedings of the National Academy of Sciences},
  volume	= {112},
  number	= {42},
  pages		= {12950--12955},
  year		= {2015},
  publisher	= {National Acad Sciences}
}

@Manual{	  wang2014mpnet,
  title		= {MPNet: Program for the simulation and estimation of (p*)
		  exponential random graph models for multilevel networks},
  author	= {Wang, Peng and Robins, GL and Pattison, PE and Koskinen,
		  JH},
  year		= {2014},
  publisher	= {Melbourne School of Psychological Sciences},
  organization	= {The University of Melbourne},
  month		= {June}
}

@Book{		  dumbach2014establishing,
  title		= {Establishing Corporate Innovation Communities: A Social
		  Capital Perspective},
  author	= {Dumbach, Martin},
  year		= {2014},
  publisher	= {Imprint: Springer Gabler}
}

@Article{	  tortoriello2015social,
  title		= {The social underpinnings of absorptive capacity: The
		  moderating effects of structural holes on innovation
		  generation based on external knowledge},
  author	= {Tortoriello, Marco},
  journal	= {Strategic Management Journal},
  volume	= {36},
  number	= {4},
  pages		= {586--597},
  year		= {2015},
  publisher	= {Wiley Online Library}
}

@InCollection{	  lomi2014network,
  title		= {The Network Dynamics of Social Status: Problems and
		  Possibilities},
  author	= {Lomi, Alessandro and Torl{\'o}, Vanina J},
  booktitle	= {Contemporary Perspectives on Organizational Social
		  Networks},
  pages		= {403--420},
  year		= {2014},
  publisher	= {Emerald Group Publishing Limited}
}

@Conference{	  ding2015research,
  author	= {Ding, CQ and Xue, J and Yuan, J},
  title		= {Research on Tacit Knowledge-Sharing Willingness in Trust
		  Perspective—Empirical Analysis on Communication
		  Enterprises},
  year		= {2015},
  booktitle	= {International Conference of Electrical, Automation and
		  Mechanical Engineering}
}

@Article{	  laursen2014paradox,
  title		= {The paradox of openness: Appropriability, external search
		  and collaboration},
  author	= {Laursen, Keld and Salter, Ammon J},
  journal	= {Research Policy},
  volume	= {43},
  number	= {5},
  pages		= {867--878},
  year		= {2014},
  publisher	= {Elsevier}
}

@Article{	  gagne2015multidimensional,
  title		= {The multidimensional work motivation scale: Validation
		  evidence in seven languages and nine countries},
  author	= {Gagn{\'e}, Maryl{\`e}ne and Forest, Jacques and
		  Vansteenkiste, Maarten and Crevier-Braud, Laurence and Van
		  den Broeck, Anja and Aspeli, Ann Kristin and Bellerose,
		  Jenny and Benabou, Charles and Chemolli, Emanuela and
		  G{\"u}ntert, Stefan Tomas and others},
  journal	= {European Journal of Work and Organizational Psychology},
  volume	= {24},
  number	= {2},
  pages		= {178--196},
  year		= {2015},
  publisher	= {Taylor \& Francis}
}

@Article{	  lam2014tacit,
  title		= {Tacit knowledge, embedded agency and learning: local nodes
		  and global networks},
  author	= {Lam, Alice},
  journal	= {Prometheus},
  volume	= {32},
  number	= {1},
  pages		= {93--99},
  year		= {2014},
  publisher	= {Taylor \& Francis}
}

@Manual{	  bojanowski2015intergraph,
  title		= {intergraph: Coercion Routines for Network Data Objects},
  author	= {Michal Bojanowski},
  year		= {2015},
  note		= {R package version 2.0-2},
  url		= {http://mbojan.github.io/intergraph}
}

@Article{	  germain2014role,
  title		= {The role of swift trust in virtual teams and implications
		  for human resource development},
  author	= {Germain, Marie-Line and McGuire, David},
  journal	= {Advances in Developing Human Resources},
  volume	= {16},
  number	= {3},
  pages		= {356--370},
  year		= {2014},
  publisher	= {SAGE Publications Sage CA: Los Angeles, CA}
}

@Article{	  wang2014knowledge,
  title		= {Knowledge networks, collaboration networks, and
		  exploratory innovation},
  author	= {Wang, Chunlei and Rodan, Simon and Fruin, Mark and Xu,
		  Xiaoyan},
  journal	= {Academy of Management Journal},
  volume	= {57},
  number	= {2},
  pages		= {484--514},
  year		= {2014},
  publisher	= {Academy of Management Briarcliff Manor, NY}
}

@Book{		  creswell2011designing,
  author	= {Creswell, John W and Plano Clark, Vicki L},
  title		= {Designing and conducting mixed methods research},
  publisher	= {Sage Publications},
  year		= {2011},
  edition	= {2nd}
}

@Article{	  lichtenthaler2009absorptive,
  title		= {Absorptive capacity, environmental turbulence, and the
		  complementarity of organizational learning processes},
  author	= {Lichtenthaler, Ulrich},
  journal	= {Academy of Management Journal},
  volume	= {52},
  number	= {4},
  pages		= {822--846},
  year		= {2009},
  publisher	= {Academy of Management}
}

@InCollection{	  fulmer2013trust,
  title		= {How do I trust thee? Dynamic trust patterns and their
		  individual and social contextual determinants},
  author	= {Fulmer, C Ashley and Gelfand, Michele J},
  booktitle	= {Models for intercultural collaboration and negotiation},
  pages		= {97--131},
  year		= {2013},
  publisher	= {Springer}
}

@Book{		  yin2009case,
  author	= {Yin, Robert K},
  title		= {Case study research: Design and methods},
  publisher	= {Sage publications},
  year		= {2009},
  edition	= {4th},
  volume	= {5},
  series	= {Applied Social Research Methods}
}

@Article{	  hennessey2010creativity,
  author	= {Hennessey, Beth A and Amabile, Teresa M},
  title		= {Creativity},
  journal	= {Annual Review of Psychology},
  year		= {2010},
  volume	= {61},
  pages		= {569--598}
}

@Article{	  chiaroni2011open,
  title		= {The Open Innovation Journey: How firms dynamically
		  implement the emerging innovation management paradigm},
  author	= {Chiaroni, Davide and Chiesa, Vittorio and Frattini,
		  Federico},
  journal	= {Technovation},
  volume	= {31},
  number	= {1},
  pages		= {34--43},
  year		= {2011},
  publisher	= {Elsevier}
}

@Book{		  newman2010networks,
  title		= {Networks: an introduction},
  author	= {Newman, Mark},
  year		= {2010},
  publisher	= {Oxford University Press}
}

@Article{	  perez2013temporary,
  author	= {P\'erez-Nordtvedt, Liliana and O’Brien, Ross and
		  Rasheed, Abdul A},
  title		= {What are temporary networks and when are they useful?},
  journal	= {Group \\& Organization Management},
  year		= {2013},
  volume	= {38},
  number	= {3},
  pages		= {392--421},
  publisher	= {Sage Publications}
}

@Article{	  gong2009employee,
  title		= {Employee learning orientation, transformational
		  leadership, and employee creativity: The mediating role of
		  employee creative self-efficacy},
  author	= {Gong, Yaping and Huang, Jia-Chi and Farh, Jiing-Lih},
  journal	= {Academy of Management Journal},
  volume	= {52},
  number	= {4},
  pages		= {765--778},
  year		= {2009},
  publisher	= {Academy of Management}
}

@Article{	  dahlander2010open,
  title		= {How open is innovation?},
  author	= {Dahlander, Linus and Gann, David M},
  journal	= {Research policy},
  volume	= {39},
  number	= {6},
  pages		= {699--709},
  year		= {2010},
  publisher	= {Elsevier}
}

@Article{	  rost2011strength,
  title		= {The strength of strong ties in the creation of
		  innovation},
  author	= {Rost, Katja},
  journal	= {Research Policy},
  volume	= {40},
  number	= {4},
  pages		= {588--604},
  year		= {2011},
  publisher	= {Elsevier}
}

@Article{	  lichtenthaler2010technology,
  title		= {Technology Transfer across Organizational Boundaries:
		  ABSORPTIVE CAPACITY AND DESORPTIVE CAPACITY.},
  author	= {Lichtenthaler, Ulrich and Lichtenthaler, Eckhard},
  journal	= {California Management Review},
  volume	= {53},
  number	= {1},
  year		= {2010}
}

@Article{	  fichter2009innovation,
  title		= {Innovation communities: the role of networks of promotors
		  in Open Innovation},
  author	= {Fichter, Klaus},
  journal	= {R\&d Management},
  volume	= {39},
  number	= {4},
  pages		= {357--371},
  year		= {2009},
  publisher	= {Wiley Online Library}
}

@Article{	  robins2013tutorial,
  title		= {A tutorial on methods for the modeling and analysis of
		  social network data},
  author	= {Robins, Garry},
  journal	= {Journal of Mathematical Psychology},
  year		= {2013},
  publisher	= {Elsevier}
}

@Article{	  stovel2012brokerage,
  title		= {Brokerage},
  author	= {Stovel, Katherine and Shaw, Lynette},
  journal	= {Annual Review of Sociology},
  volume	= {38},
  pages		= {139--158},
  year		= {2012},
  publisher	= {Annual Reviews}
}

@Book{		  borgatti2013analyzing,
  title		= {Analyzing social networks},
  author	= {Borgatti, Stephen P and Everett, Martin G and Johnson,
		  Jeffrey C},
  year		= {2013},
  publisher	= {SAGE Publications Limited}
}

@Article{	  shumate2010exponential,
  title		= {Exponential random graph (p*) models as a method for
		  social network analysis in communication research},
  author	= {Shumate, Michelle and Palazzolo, Edward T},
  journal	= {Communication Methods and Measures},
  volume	= {4},
  number	= {4},
  pages		= {341--371},
  year		= {2010},
  publisher	= {Taylor \& Francis}
}

@Article{	  chesbrough2009open,
  title		= {How open innovation can help you cope in lean times.},
  author	= {Chesbrough, Henry W and Garman, Andrew R},
  journal	= {Harvard business review},
  volume	= {87},
  number	= {12},
  pages		= {68--76},
  year		= {2009}
}

@Article{	  urbancova2013competitive,
  title		= {Competitive advantage achievement through innovation and
		  knowledge},
  author	= {Urbancov{\'a}, Hana},
  journal	= {Journal of Competitiveness},
  volume	= {5},
  number	= {1},
  year		= {2013},
  publisher	= {Tomas Bata University in Zlin, Faculty of Management and
		  Economics}
}

@Article{	  gulati2011networks,
  title		= {How do networks matter? The performance effects of
		  interorganizational networks},
  author	= {Gulati, Ranjay and Lavie, Dovev and Madhavan, Ravindranath
		  Ravi},
  journal	= {Research in Organizational Behavior},
  volume	= {31},
  pages		= {207--224},
  year		= {2011},
  publisher	= {Elsevier}
}

@Article{	  kolleck2013social,
  author	= {Kolleck, Nina},
  title		= {Social network analysis in innovation research: using a
		  mixed methods approach to analyze social innovations},
  journal	= {European Journal of Futures Research},
  year		= {2013},
  volume	= {1:25},
  pages		= {1--9},
  publisher	= {Springer}
}

@Article{	  quintane2011innovation,
  title		= {Innovation as a knowledge-based outcome},
  author	= {Quintane, E. and Casselman, R.M. and Reiche, B.S. and
		  Nylund, P.A.},
  journal	= {Journal of Knowledge Management},
  volume	= {15},
  number	= {6},
  pages		= {928-947},
  year		= {2011},
  publisher	= {Emerald Group Publishing Limited}
}

@Book{		  creswell2013research,
  author	= {Creswell, John W},
  title		= {Research design: Qualitative, quantitative, and mixed
		  methods approaches},
  publisher	= {Sage publications},
  year		= {2013},
  edition	= {4th}
}

@Article{	  haugaard2012rethinking,
  title		= {Rethinking the four dimensions of power: domination and
		  empowerment},
  author	= {Haugaard, Mark},
  journal	= {Journal of Political Power},
  volume	= {5},
  number	= {1},
  pages		= {33--54},
  year		= {2012},
  publisher	= {Taylor \& Francis}
}

@Article{	  lingo2010nexus,
  title		= {Nexus work: Brokerage on creative projects},
  author	= {Lingo, Elizabeth Long and O'Mahony, Siobh{\'a}n},
  journal	= {Administrative Science Quarterly},
  volume	= {55},
  number	= {1},
  pages		= {47--81},
  year		= {2010},
  publisher	= {SAGE Publications}
}

@Article{	  spithoven2013open,
  title		= {Open innovation practices in SMEs and large enterprises},
  author	= {Spithoven, Andr{\'e} and Vanhaverbeke, Wim and Roijakkers,
		  Nadine},
  journal	= {Small Business Economics},
  volume	= {41},
  number	= {3},
  pages		= {537--562},
  year		= {2013},
  publisher	= {Springer}
}

@Article{	  morgenthaler2009exploratory,
  title		= {Exploratory data analysis},
  author	= {Morgenthaler, Stephan},
  journal	= {Wiley Interdisciplinary Reviews: Computational
		  Statistics},
  volume	= {1},
  number	= {1},
  pages		= {33--44},
  year		= {2009},
  publisher	= {Wiley Online Library}
}

@InBook{	  bessant2013innovation,
  author	= {Bessant, John and Phillips, Wendy},
  title		= {Innovation management and dynamic capability},
  booktitle	= {The SAGE Handbook of Strategic Supply Management},
  year		= {2013},
  pages		= {353--371},
  publisher	= {SAGE Publications Ltd},
  chapter	= {15},
  editor	= {Christine Harland and Guido Nassimbeni and Eugene
		  Schneller}
}

@InBook{	  chilisa2012selecting,
  author	= {Chilisa, Bagele and Kawulich, B},
  title		= {Selecting a research approach: paradigm, methodology, and
		  methods},
  year		= {2012},
  pages		= {51--61},
  booktitle	= {Doing social research: A global context},
  editor	= {Wagner, Claire and Kawulich, Barbara and Garner, Mark},
  publisher	= {McGraw-Hill Higher Education}
}

@Article{	  matzler2011personality,
  title		= {Personality traits, affective commitment, documentation of
		  knowledge, and knowledge sharing},
  author	= {Matzler, Kurt and Renzl, Birgit and Mooradian, Todd and
		  von Krogh, Georg and Mueller, Julia},
  journal	= {The International Journal of Human Resource Management},
  volume	= {22},
  number	= {02},
  pages		= {296--310},
  year		= {2011},
  publisher	= {Taylor \& Francis}
}

@InProceedings{	  xu2013inbound,
  title		= {Inbound and Outbound Open Innovation in Clusters},
  author	= {Xu, Yin-jie and Zheng, Jian-zhuang},
  booktitle	= {The 19th International Conference on Industrial
		  Engineering and Engineering Management},
  pages		= {667--676},
  year		= {2013},
  organization	= {Springer}
}

@Article{	  witherspoon2013antecedents,
  title		= {Antecedents of organizational knowledge sharing: a
		  meta-analysis and critique},
  author	= {Witherspoon, Candace L and Bergner, Jason and Cockrell,
		  Cam and Stone, Dan N},
  journal	= {Journal of Knowledge Management},
  volume	= {17},
  number	= {2},
  pages		= {250--277},
  year		= {2013},
  publisher	= {Emerald Group Publishing Limited}
}

@Article{	  lusher2012trust,
  title		= {“Trust Me”: Differences in expressed and perceived
		  trust relations in an organization},
  author	= {Lusher, Dean and Robins, Garry and Pattison, Philippa E
		  and Lomi, Alessandro},
  journal	= {Social Networks},
  volume	= {34},
  number	= {4},
  pages		= {410--424},
  year		= {2012},
  publisher	= {Elsevier}
}

@Article{	  simpson2011network,
  title		= {Network knowledge and the use of power},
  author	= {Simpson, Brent and Markovsky, Barry and Steketee, Mike},
  journal	= {Social Networks},
  volume	= {33},
  number	= {2},
  pages		= {172--176},
  year		= {2011},
  publisher	= {Elsevier}
}

@Article{	  sun2010examination,
  title		= {An Examination of the Relationship Between Absorptive
		  Capacity and Organizational Learning, and a Proposed
		  Integration},
  author	= {Sun, Peter YT and Anderson, Marc H},
  journal	= {International Journal of Management Reviews},
  volume	= {12},
  number	= {2},
  pages		= {130--150},
  year		= {2010},
  publisher	= {Wiley-Blackwell}
}

@Article{	  sparrowe2011publishing,
  title		= {Publishing in AMJ—Part 4: Grounding Hypotheses},
  author	= {Sparrowe, Raymond T and Mayer, Kyle J},
  journal	= {Academy of Management Journal},
  volume	= {54},
  number	= {6},
  pages		= {1098--1102},
  year		= {2011},
  publisher	= {Academy of Management}
}

@Article{	  crossley2010social,
  author	= {Crossley, Nick},
  title		= {The social world of the network. Combining qualitative and
		  quantitative elements in social network analysis},
  journal	= {Sociologica},
  year		= {2010},
  volume	= {4},
  number	= {1},
  pages		= {1--34},
  publisher	= {Societ\`a editrice il Mulino}
}

@Book{		  guest2011applied,
  title		= {Applied thematic analysis},
  author	= {Guest, Greg and MacQueen, Kathleen M and Namey, Emily E},
  year		= {2011},
  publisher	= {sage}
}

@Article{	  sankowska2013relationships,
  author	= {Sankowska, Anna},
  title		= {Relationships between organizational trust, knowledge
		  transfer, knowledge creation, and firm's innovativeness},
  journal	= {The Learning Organization},
  year		= {2013},
  volume	= {20},
  number	= {1},
  pages		= {85--100},
  publisher	= {Emerald Group Publishing Limited}
}

@TechReport{	  davis2010agency,
  author	= {Davis, Jason P},
  title		= {Agency and knowledge problems in network dynamics: brokers
		  and bridges in innovative interorganizational
		  relationships},
  institution	= {MIT Sloan School},
  year		= {2010},
  type		= {Working Paper}
}

@Article{	  meyer2010rise,
  title		= {The rise of the knowledge broker},
  author	= {Meyer, M.},
  journal	= {Science Communication},
  volume	= {32},
  number	= {1},
  pages		= {118--127},
  year		= {2010},
  publisher	= {SAGE Publications}
}

@Article{	  kahle2013ggmap,
  title		= {ggmap: Spatial Visualization with ggplot2},
  author	= {Kahle, David and Wickham, Hadley},
  journal	= {The R Journal},
  volume	= {5},
  number	= {1},
  pages		= {144--161},
  year		= {2013},
  publisher	= {Citeseer}
}

@Article{	  venkitachalam2012tacit,
  title		= {Tacit knowledge: review and possible research directions},
  author	= {Venkitachalam, Krishna and Busch, Peter},
  journal	= {Journal of Knowledge Management},
  volume	= {16},
  number	= {2},
  pages		= {357--372},
  year		= {2012},
  publisher	= {Emerald Group Publishing Limited}
}

@Book{		  bazeley2013qualitative,
  title		= {Qualitative data analysis with NVivo},
  author	= {Bazeley, Patricia and Jackson, Kristi},
  year		= {2013},
  publisher	= {Sage Publications Limited}
}

@Article{	  marsden2012reflections,
  title		= {Reflections on conceptualizing and measuring tie
		  strength},
  author	= {Marsden, Peter V and Campbell, Karen E},
  journal	= {Social forces},
  volume	= {91},
  number	= {1},
  pages		= {17--23},
  year		= {2012},
  publisher	= {Oxford University Press}
}

@Article{	  zachariadis2013methodological,
  title		= {Methodological implications of critical realism for
		  mixed-methods research},
  author	= {Zachariadis, Markos and Scott, Susan and Barrett,
		  Michael},
  journal	= {MIS quarterly},
  pages		= {855--879},
  year		= {2013},
  publisher	= {JSTOR}
}

@Article{	  chesbrough2012open,
  title		= {Open innovation: where weve been and where were going},
  author	= {Chesbrough, Henry},
  journal	= {Research-Technology Management},
  volume	= {55},
  number	= {4},
  pages		= {20--27},
  year		= {2012},
  publisher	= {Industrial Research Institute, Inc}
}

@Article{	  whelan2011creating,
  title		= {Creating employee networks that deliver open innovation},
  author	= {Whelan, Eoin and Parise, Salvatore and De Valk, Jasper and
		  Aalbers, Rick},
  journal	= {MIT Sloan Management Review},
  volume	= {53},
  number	= {1},
  pages		= {37--44},
  year		= {2011},
  publisher	= {Island Press}
}

@InBook{	  argote2009superordinate,
  author	= {Argote, Linda and Kane, Aim\'ee A},
  title		= {Superordinate identity and knowledge creation and transfer
		  in organizations},
  year		= {2009},
  pages		= {166--190},
  publisher	= {Oxford University Press Oxford, UK},
  booktitle	= {Knowledge Governance: Processes and Perspectives},
  editor	= {Foss, Nicolai J and Michailova, Snejina}
}

@Article{	  pink2009anzsco,
  title		= {ANZSCO-Australian and New Zealand Standard Classification
		  of Occupations (Revision 1)},
  author	= {Pink, B and Bascand, G},
  journal	= {Canberra: Australian Bureau of Statistics},
  year		= {2009}
}

@Article{	  holste2010trust,
  author	= {Holste, J Scott and Fields, Dail},
  title		= {Trust and tacit knowledge sharing and use},
  journal	= {Journal of Knowledge Management},
  year		= {2010},
  volume	= {14},
  number	= {1},
  pages		= {128--140},
  publisher	= {Emerald Group Publishing Limited}
}

@InCollection{	  cook2013social,
  author	= {Cook, Karen S and Cheshire, Coye and Rice, Eric RW and
		  Nakagawa, Sandra},
  title		= {Social exchange theory},
  year		= {2013},
  publisher	= {Springer},
  booktitle	= {Handbook of Social Psychology},
  editor	= {DeLamater, John and Ward, Amanda},
  pages		= {61--88},
  series	= {Handbooks of Sociology and Social Research}
}

@Article{	  enkel2009open,
  author	= {Enkel, Ellen and Gassmann, Oliver and Chesbrough, Henry},
  title		= {Open R&D and open innovation: exploring the phenomenon},
  journal	= {R&D Management},
  year		= {2009},
  volume	= {39},
  number	= {4},
  pages		= {311--316},
  publisher	= {Wiley Online Library}
}

@InProceedings{	  omidvar2013revisiting,
  title		= {Revisiting Absorptive Capacity: Literature review and a
		  Practice-based Extension of the Concept},
  author	= {Omidvar, Omid},
  booktitle	= {35th DRUID Celebration Conference},
  pages		= {17--19},
  year		= {2013}
}

@Article{	  bonacich2009structural,
  title		= {Structural implications of reciprocal exchange: A
		  power-dependence approach},
  author	= {Bonacich, Phillip and Bienenstock, Elisa Jayne},
  journal	= {Social Psychology Quarterly},
  volume	= {72},
  number	= {3},
  pages		= {226--240},
  year		= {2009},
  publisher	= {Sage Publications Sage CA: Los Angeles, CA}
}

@Article{	  pugh2013designing,
  author	= {Pugh, Katrina and Prusak, Laurence},
  title		= {Designing Effective Knowledge Networks},
  journal	= {MIT Sloan Management Review},
  year		= {2013},
  volume	= {55},
  number	= {1},
  pages		= {79--88}
}

@Article{	  phelps2012knowledge,
  title		= {Knowledge, networks, and knowledge networks a review and
		  research agenda},
  author	= {Phelps, Corey and Heidl, Ralph and Wadhwa, Anu},
  journal	= {Journal of Management},
  volume	= {38},
  number	= {4},
  pages		= {1115--1166},
  year		= {2012},
  publisher	= {SAGE Publications}
}

@Book{		  seidman2012interviewing,
  author	= {Seidman, Irving},
  title		= {Interviewing as qualitative research: A guide for
		  researchers in education and the social sciences},
  publisher	= {Teachers College Press},
  year		= {2012},
  edition	= {4th}
}

@Article{	  chesbrough2012open,
  title		= {Open innovation: Where we've been and where we're going},
  author	= {Chesbrough, Henry},
  journal	= {Research-Technology Management},
  volume	= {55},
  number	= {4},
  pages		= {20--27},
  year		= {2012},
  publisher	= {Taylor \& Francis}
}

@Article{	  gagne2009model,
  title		= {A model of knowledge-sharing motivation},
  author	= {Gagn\'e, Maryl\`ene},
  journal	= {Human Resource Management},
  volume	= {48},
  number	= {4},
  pages		= {571--589},
  year		= {2009},
  publisher	= {Wiley Online Library}
}

@Article{	  suppiah2011organisational,
  title		= {Organisational culture's influence on tacit
		  knowledge-sharing behaviour},
  author	= {Suppiah, Visvalingam and Sandhu, Manjit Singh},
  journal	= {Journal of Knowledge Management},
  volume	= {15},
  number	= {3},
  pages		= {462--477},
  year		= {2011},
  publisher	= {Emerald Group Publishing Limited}
}

@Article{	  hung2011influence,
  title		= {The influence of intrinsic and extrinsic motivation on
		  individuals' knowledge sharing behavior},
  author	= {Hung, Shin-Yuan and Durcikova, Alexandra and Lai, Hui-Min
		  and Lin, Wan-Mei},
  journal	= {International Journal of Human-Computer Studies},
  volume	= {69},
  number	= {6},
  pages		= {415--427},
  year		= {2011},
  publisher	= {Elsevier}
}

@Article{	  spiro2013extended,
  title		= {Extended structures of mediation: Re-examining brokerage
		  in dynamic networks},
  author	= {Spiro, Emma S and Acton, Ryan M and Butts, Carter T},
  journal	= {Social Networks},
  volume	= {35},
  number	= {1},
  pages		= {130--143},
  year		= {2013},
  publisher	= {Elsevier}
}

@Article{	  mcevily2011measuring,
  author	= {McEvily, Bill and Tortoriello, Marco},
  title		= {Measuring trust in organisational research: Review and
		  recommendations},
  journal	= {Journal of Trust Research},
  year		= {2011},
  volume	= {1},
  number	= {1},
  pages		= {23--63},
  publisher	= {Taylor & Francis}
}

@Article{	  long2013bridges,
  title		= {Bridges, brokers and boundary spanners in collaborative
		  networks: a systematic review},
  author	= {Long, Janet C and Cunningham, Frances C and Braithwaite,
		  Jeffrey},
  journal	= {BMC health services research},
  volume	= {13},
  number	= {1},
  pages		= {158},
  year		= {2013},
  publisher	= {BioMed Central}
}

@Article{	  tierney2011creative,
  title		= {Creative self-efficacy development and creative
		  performance over time.},
  author	= {Tierney, Pamela and Farmer, Steven M},
  journal	= {Journal of Applied Psychology},
  volume	= {96},
  number	= {2},
  pages		= {277},
  year		= {2011},
  publisher	= {American Psychological Association}
}

@Book{		  richards2012readme,
  title		= {Readme first for a user's guide to qualitative methods},
  author	= {Richards, Lyn and Morse, Janice M},
  year		= {2012},
  publisher	= {Sage}
}

@Book{		  de2011exploratory,
  title		= {Exploratory social network analysis with Pajek},
  author	= {De Nooy, Wouter and Mrvar, Andrej and Batagelj, Vladimir},
  volume	= {27},
  year		= {2011},
  publisher	= {Cambridge University Press}
}

@Article{	  duchek2013capturing,
  title		= {Capturing Absorptive Capacity: A Critical Review and
		  Future Prospects},
  author	= {Duchek, Stephanie},
  journal	= {Schmalenbach Business Review},
  volume	= {65},
  pages		= {312--329},
  year		= {2013}
}

@Book{		  lusher2013exponential,
  author	= {Lusher, Dean and Koskinen, Johan and Robins, Garry},
  title		= {Exponential random graph models for social networks:
		  Theory, methods, and applications},
  publisher	= {Cambridge University Press},
  year		= {2013}
}

@Article{	  garud2013perspectives,
  title		= {Perspectives on innovation processes},
  author	= {Garud, Raghu and Tuertscher, Philipp and Van de Ven,
		  Andrew H},
  journal	= {The Academy of Management Annals},
  volume	= {7},
  number	= {1},
  pages		= {775--819},
  year		= {2013},
  publisher	= {Taylor \\& Francis}
}

@Article{	  ye2013exploring,
  title		= {Exploring innovation through open networks: A review and
		  initial research questions},
  author	= {Ye, Jonathan and Kankanhalli, Atreyi},
  journal	= {IIMB Management Review},
  volume	= {25},
  number	= {2},
  pages		= {69--82},
  year		= {2013},
  publisher	= {Elsevier}
}

@Article{	  lam2010knowledge,
  title		= {Knowledge sharing in organisational contexts: a
		  motivation-based perspective},
  author	= {Lam, Alice and Lambermont-Ford, Jean-Paul},
  journal	= {Journal of Knowledge Management},
  volume	= {14},
  number	= {1},
  pages		= {51--66},
  year		= {2010},
  publisher	= {Emerald Group Publishing Limited}
}

@Book{		  harris2013introduction,
  title		= {An introduction to exponential random graph modeling},
  author	= {Harris, Jenine K},
  volume	= {173},
  year		= {2013},
  publisher	= {Sage Publications}
}

@Article{	  hau2013effects,
  title		= {The effects of individual motivations and social capital
		  on employees’ tacit and explicit knowledge sharing
		  intentions},
  author	= {Hau, Yong Sauk and Kim, Byoungsoo and Lee, Heeseok and
		  Kim, Young-Gul},
  journal	= {International Journal of Information Management},
  volume	= {33},
  number	= {2},
  pages		= {356--366},
  year		= {2013},
  publisher	= {Elsevier}
}

@Article{	  robins2009closure,
  title		= {Closure, connectivity and degree distributions:
		  Exponential random graph (p*) models for directed social
		  networks},
  author	= {Robins, Garry and Pattison, Pip and Wang, Peng},
  journal	= {Social Networks},
  volume	= {31},
  number	= {2},
  pages		= {105--117},
  year		= {2009},
  publisher	= {Elsevier}
}

@Article{	  robert2009individual,
  title		= {Individual swift trust and knowledge-based trust in
		  face-to-face and virtual team members},
  author	= {Robert, Lionel P and Denis, Alan R and Hung, Yu-Ting
		  Caisy},
  journal	= {Journal of Management Information Systems},
  volume	= {26},
  number	= {2},
  pages		= {241--279},
  year		= {2009},
  publisher	= {Taylor \& Francis}
}

@Article{	  mors2010innovation,
  title		= {Innovation in a global consulting firm: When the problem
		  is too much diversity},
  author	= {Mors, Marie Louise},
  journal	= {Strategic Management Journal},
  volume	= {31},
  number	= {8},
  pages		= {841--872},
  year		= {2010},
  publisher	= {Wiley Online Library}
}

@Article{	  rogowski2012estimating,
  title		= {Estimating the causal effects of social interaction with
		  endogenous networks},
  author	= {Rogowski, Jon C and Sinclair, Betsy},
  journal	= {Political Analysis},
  volume	= {20},
  number	= {3},
  pages		= {316--328},
  year		= {2012},
  publisher	= {Cambridge University Press}
}

@Article{	  borges2012tacit,
  title		= {Tacit knowledge sharing between IT workers: The role of
		  organizational culture, personality, and social
		  environment},
  author	= {Borges, Renata},
  journal	= {Management Research Review},
  volume	= {36},
  number	= {1},
  pages		= {89--108},
  year		= {2012},
  publisher	= {Emerald Group Publishing Limited}
}

@Article{	  goffin2010managing,
  title		= {Managing lessons learned and tacit knowledge in new
		  product development},
  author	= {Goffin, Keith and Koners, Ursula and Baxter, David and Van
		  der Hoven, Chris},
  journal	= {Research-Technology Management},
  volume	= {53},
  number	= {4},
  pages		= {39--51},
  year		= {2010},
  publisher	= {Taylor \& Francis}
}

@Article{	  tan2011understanding,
  author	= {Tan, Sherman},
  title		= {Understanding the “Structure” and the “Agency”
		  Debate in the Social Sciences},
  year		= {2011},
  pages		= {37--50},
  publisher	= {Yale Department of Sociology},
  journal	= {Habitus},
  volume	= {1}
}

@Book{		  venables2013modern,
  title		= {Modern applied statistics with S-PLUS},
  author	= {Venables, William N and Ripley, Brian D},
  year		= {2013},
  publisher	= {Springer Science \& Business Media}
}

@Book{		  elder2010causal,
  title		= {The causal power of social structures: Emergence,
		  structure and agency},
  author	= {Elder-Vass, Dave},
  year		= {2010},
  publisher	= {Cambridge University Press}
}

@Article{	  cavusgil2003tacit,
  author	= {Cavusgil, S Tamer and Calantone, Roger J and Zhao,
		  Yushan},
  title		= {Tacit knowledge transfer and firm innovation capability},
  journal	= {Journal of Business & Industrial Marketing},
  year		= {2003},
  volume	= {18},
  number	= {1},
  pages		= {6--21},
  publisher	= {MCB UP Ltd}
}

@Article{	  osterloh2000motivation,
  author	= {Osterloh, Margit and Frey, Bruno S},
  title		= {Motivation, knowledge transfer, and organizational forms},
  journal	= {Organization Science},
  year		= {2000},
  volume	= {11},
  number	= {5},
  pages		= {538--550},
  publisher	= {INFORMS}
}

@Article{	  todorova2007absorptive,
  title		= {Absorptive capacity: valuing a reconceptualization},
  author	= {Todorova, Gergana and Durisin, Boris},
  journal	= {Academy of Management Review},
  volume	= {32},
  number	= {3},
  pages		= {774--786},
  year		= {2007},
  publisher	= {Academy of Management}
}

@Article{	  ahuja2000collaboration,
  author	= {Ahuja, Gautam},
  title		= {Collaboration networks, structural holes, and innovation:
		  A longitudinal study},
  journal	= {Administrative Science Quarterly},
  year		= {2000},
  volume	= {45},
  number	= {3},
  pages		= {425--455},
  publisher	= {SAGE Publications}
}

@Article{	  matzler2008personality,
  title		= {Personality traits and knowledge sharing},
  author	= {Matzler, K. and Renzl, B. and M\"uller, J. and Herting, S.
		  and Mooradian, T.A.},
  journal	= {Journal of Economic Psychology},
  volume	= {29},
  number	= {3},
  pages		= {301--313},
  year		= {2008},
  publisher	= {Elsevier}
}

@Article{	  segal2007tit,
  title		= {Tit for tat: Foundations of preferences for reciprocity in
		  strategic settings},
  author	= {Segal, Uzi and Sobel, Joel},
  journal	= {Journal of Economic Theory},
  volume	= {136},
  number	= {1},
  pages		= {197--216},
  year		= {2007},
  publisher	= {Elsevier}
}

@Article{	  greene2008mixed,
  author	= {Greene, Jennifer C},
  title		= {Is mixed methods social inquiry a distinctive
		  methodology?},
  journal	= {Journal of Mixed Methods Research},
  year		= {2008},
  volume	= {2},
  number	= {1},
  pages		= {7--22},
  publisher	= {SAGE Publications}
}

@Article{	  orlikowski2002knowing,
  author	= {Orlikowski, Wanda J},
  title		= {Knowing in practice: Enacting a collective capability in
		  distributed organizing},
  journal	= {Organization Science},
  year		= {2002},
  volume	= {13},
  number	= {3},
  pages		= {249--273},
  publisher	= {INFORMS}
}

@Article{	  panteli2005trust,
  title		= {Trust and conflict within virtual inter-organizational
		  alliances: a framework for facilitating knowledge sharing},
  author	= {Panteli, Niki and Sockalingam, Siva},
  journal	= {Decision support systems},
  volume	= {39},
  number	= {4},
  pages		= {599--617},
  year		= {2005},
  publisher	= {Elsevier}
}

@Article{	  robins2007recent,
  author	= {Robins, Garry and Snijders, Tom and Wang, Peng and
		  Handcock, Mark and Pattison, Philippa},
  title		= {Recent developments in exponential random graph p* models
		  for social networks},
  journal	= {Social networks},
  year		= {2007},
  volume	= {29},
  number	= {2},
  pages		= {192--215},
  publisher	= {Elsevier}
}

@Article{	  jansen2005managing,
  title		= {Managing potential and realized absorptive capacity: how
		  do organizational antecedents matter?},
  author	= {Jansen, Justin JP and Van Den Bosch, Frans AJ and
		  Volberda, Henk W},
  journal	= {Academy of Management Journal},
  volume	= {48},
  number	= {6},
  pages		= {999--1015},
  year		= {2005},
  publisher	= {Academy of Management}
}

@Article{	  gagne2005self,
  title		= {Self-determination theory and work motivation},
  author	= {Gagn{\'e}, Maryl{\`e}ne and Deci, Edward L},
  journal	= {Journal of Organizational behavior},
  volume	= {26},
  number	= {4},
  pages		= {331--362},
  year		= {2005},
  publisher	= {Wiley Online Library}
}

@Book{		  national2007national,
  author	= {National Health and Medical Research Council},
  title		= {National Statement on Ethical Conduct in Human Research},
  publisher	= {National Health and Medical Research Council (Australia)},
  year		= {2007}
}

@Book{		  kvale2008doing,
  title		= {Doing interviews},
  author	= {Kvale, Steinar},
  year		= {2008},
  publisher	= {Sage}
}

@Article{	  bandura1999social,
  title		= {Social cognitive theory: An agentic perspective},
  author	= {Bandura, Albert},
  journal	= {Asian journal of social Psychology},
  volume	= {2},
  number	= {1},
  pages		= {21--41},
  year		= {1999},
  publisher	= {Wiley Online Library}
}

@Article{	  deci2001need,
  author	= {Deci, Edward L and Ryan, Richard M and Gagn\'e, Maryl\`ene
		  and Leone, Dean R and Usunov, Julian and Kornazheva,
		  Boyanka P},
  title		= {Need satisfaction, motivation, and well-being in the work
		  organizations of a former eastern bloc country: A
		  cross-cultural study of self-determination},
  journal	= {Personality and Social Psychology Bulletin},
  year		= {2001},
  volume	= {27},
  number	= {8},
  pages		= {930--942},
  publisher	= {Sage Publications}
}

@Article{	  cross2001knowing,
  author	= {Cross, Rob and Parker, Andrew and Prusak, Laurence and
		  Borgatti, Stephen P},
  title		= {Knowing what we know:: Supporting knowledge creation and
		  sharing in social networks},
  journal	= {Organizational Dynamics},
  year		= {2001},
  volume	= {30},
  number	= {2},
  pages		= {100--120},
  publisher	= {Pergamon}
}

@Article{	  rammstedt2007measuring,
  title		= {Measuring personality in one minute or less: A 10-item
		  short version of the Big Five Inventory in English and
		  German},
  author	= {Rammstedt, Beatrice and John, Oliver P},
  journal	= {Journal of research in Personality},
  volume	= {41},
  number	= {1},
  pages		= {203--212},
  year		= {2007},
  publisher	= {Elsevier}
}

@Article{	  cook1999bridging,
  author	= {Cook, Scott DN and Brown, John Seely},
  title		= {Bridging epistemologies: The generative dance between
		  organizational knowledge and organizational knowing},
  journal	= {Organization Science},
  year		= {1999},
  volume	= {10},
  number	= {4},
  pages		= {381--400},
  publisher	= {INFORMS}
}

@InProceedings{	  zhu2007social,
  title		= {Social network analysis application in tacit knowledge
		  management},
  author	= {Zhu, Weiping and Shao, Liangshan and Huang, Zhuqing},
  booktitle	= {Intelligent Information Technology Application, Workshop
		  on},
  pages		= {294--297},
  year		= {2007},
  organization	= {IEEE}
}

@Article{	  gertler2003tacit,
  author	= {Gertler, Meric S},
  title		= {Tacit knowledge and the economic geography of context, or
		  the undefinable tacitness of being (there)},
  journal	= {Journal of Economic Geography},
  year		= {2003},
  volume	= {3},
  number	= {1},
  pages		= {75--99},
  publisher	= {Oxford Univ Press}
}

@Article{	  duguid2005art,
  author	= {Duguid, Paul},
  title		= {“The art of knowing”: Social and tacit dimensions of
		  knowledge and the limits of the community of practice},
  journal	= {The information society},
  year		= {2005},
  volume	= {21},
  number	= {2},
  pages		= {109--118},
  publisher	= {Taylor & Francis}
}

@Article{	  ryan2000self,
  author	= {Ryan, Richard M and Deci, Edward L},
  title		= {Self-determination theory and the facilitation of
		  intrinsic motivation, social development, and well-being.},
  journal	= {American Psychologist},
  year		= {2000},
  volume	= {55},
  number	= {1},
  pages		= {68--78},
  publisher	= {American Psychological Association}
}

@Article{	  ryan2000intrinsic,
  author	= {Ryan, Richard M and Deci, Edward L},
  title		= {Intrinsic and extrinsic motivations: Classic definitions
		  and new directions},
  journal	= {Contemporary Educational Psychology},
  year		= {2000},
  volume	= {25},
  number	= {1},
  pages		= {54--67},
  publisher	= {Elsevier}
}

@InProceedings{	  vanhaverbeke2007connecting,
  title		= {Connecting absorptive capacity and open innovation},
  author	= {Vanhaverbeke, Wim and Cloodt, Myriam and Van de Vrande,
		  Vareska},
  booktitle	= {Centre for Advanced Study Workshop on Innovation in
		  Firms},
  year		= {2007}
}

@Article{	  burt2007secondhand,
  title		= {Secondhand brokerage: Evidence on the importance of local
		  structure for managers, bankers, and analysts},
  author	= {Burt, R.S.},
  journal	= {The Academy of Management Journal ARCHIVE},
  volume	= {50},
  number	= {1},
  pages		= {119--148},
  year		= {2007},
  publisher	= {Academy of Management}
}

@Article{	  cross2001beyond,
  author	= {Cross, Rob and Borgatti, Stephen P and Parker, Andrew},
  title		= {Beyond answers: dimensions of the advice network},
  journal	= {Social Networks},
  year		= {2001},
  volume	= {23},
  number	= {3},
  pages		= {215--235},
  publisher	= {Elsevier}
}

@InBook{	  mingers2006realising,
  author	= {Mingers, John},
  title		= {Philosophical foundations: Critical realism},
  chapter	= {2},
  year		= {2006},
  publisher	= {Springer Science \\& Business Media},
  booktitle	= {Realising systems thinking: Knowledge and action in
		  management science}
}

@Book{		  szulanski2003sticky,
  author	= {Szulanski, Gabriel},
  title		= {Sticky Knowledge: Barriers to Knowing in the Firm},
  year		= {2003},
  publisher	= {SAGE Publications}
}

@Article{	  reagans2003network,
  title		= {Network structure and knowledge transfer: The effects of
		  cohesion and range},
  author	= {Reagans, Ray and McEvily, Bill},
  journal	= {Administrative science quarterly},
  volume	= {48},
  number	= {2},
  pages		= {240--267},
  year		= {2003},
  publisher	= {SAGE Publications}
}

@Misc{		  hanneman2005introduction,
  title		= {Introduction to social network methods},
  author	= {Hanneman, Robert A and Riddle, Mark},
  year		= {2005},
  publisher	= {University of California Riverside}
}

@Article{	  tierney2002creative,
  title		= {Creative self-efficacy: Its potential antecedents and
		  relationship to creative performance.},
  author	= {Tierney, Pamela and Farmer, Steven M},
  journal	= {Academy of Management Journal},
  volume	= {45},
  number	= {6},
  pages		= {1137--1148},
  year		= {2002},
  publisher	= {Academy of Management}
}

@Article{	  wenger2000communities,
  title		= {Communities of practice and social learning systems},
  author	= {Wenger, Etienne},
  journal	= {Organization},
  volume	= {7},
  number	= {2},
  pages		= {225--246},
  year		= {2000},
  publisher	= {Sage Publications}
}

@Article{	  amar2008descriptive,
  title		= {A descriptive model of innovation and creativity in
		  organizations: a synthesis of research and practice},
  author	= {Amar, Amar Dev and Juneja, Januj A},
  journal	= {Knowledge Management Research \& Practice},
  volume	= {6},
  number	= {4},
  pages		= {298--311},
  year		= {2008},
  publisher	= {Nature Publishing Group}
}

@Book{		  sayer1999realism,
  title		= {Realism and social science},
  author	= {Sayer, Andrew},
  year		= {1999},
  publisher	= {Sage}
}

@Book{		  sternberg1999tacit,
  title		= {Tacit knowledge in professional practice: Researcher and
		  practitioner perspectives},
  author	= {Sternberg, Robert J and Horvath, Joseph A and others},
  year		= {1999},
  publisher	= {Psychology Press}
}

@Article{	  lin2007share,
  author	= {Lin, Chieh-Peng},
  title		= {To share or not to share: Modeling tacit knowledge
		  sharing, its mediators and antecedents},
  journal	= {Journal of Business Ethics},
  year		= {2007},
  volume	= {70},
  number	= {4},
  pages		= {411--428},
  publisher	= {Springer}
}

@Manual{	  butts2008network,
  author	= {Carter T. Butts},
  title		= {network: a Package for Managing Relational Data in R.},
  journal	= {Journal of Statistical Software},
  year		= {2008},
  volume	= {24},
  number	= {2},
  url		= {http://www.jstatsoft.org/v24/i02/paper}
}

@Article{	  loyal2001agency,
  author	= {Loyal, Steven and Barnes, Barry},
  title		= {“Agency” as a red herring in social theory},
  journal	= {Philosophy of the Social Sciences},
  year		= {2001},
  volume	= {31},
  number	= {4},
  pages		= {507--524},
  publisher	= {Sage Publications}
}

@Article{	  schultze2004knowing,
  author	= {Schultze, Ulrike and Stabell, Charles},
  title		= {Knowing what you don’t know? Discourses and
		  contradictions in knowledge management research},
  journal	= {Journal of Management Studies},
  year		= {2004},
  volume	= {41},
  number	= {4},
  pages		= {549--573},
  publisher	= {Wiley Online Library}
}

@Article{	  milne2007motivation,
  author	= {Milne, Patricia},
  title		= {Motivation, incentives and organisational culture},
  journal	= {Journal of Knowledge Management},
  year		= {2007},
  volume	= {11},
  number	= {6},
  pages		= {28--38},
  publisher	= {Emerald Group Publishing Limited}
}

@Article{	  provan2007interorganizational,
  author	= {Provan, Keith G and Fish, Amy and Sydow, Joerg},
  title		= {Interorganizational networks at the network level: A
		  review of the empirical literature on whole networks},
  journal	= {Journal of Management},
  year		= {2007},
  volume	= {33},
  number	= {3},
  pages		= {479--516},
  publisher	= {Sage Publications }
}

@Article{	  bock2005behavioral,
  author	= {Bock, Gee-Woo and Zmud, Robert W and Kim, Young-Gul and
		  Lee, Jae-Nam},
  title		= {Behavioral intention formation in knowledge sharing:
		  Examining the roles of extrinsic motivators,
		  social-psychological forces, and organizational climate},
  journal	= {MIS Quarterly},
  year		= {2005},
  pages		= {87--111},
  publisher	= {JSTOR}
}

@Article{	  fleming2007collaborative,
  title		= {Collaborative brokerage, generative creativity, and
		  creative success},
  author	= {Fleming, Lee and Mingo, Santiago and Chen, David},
  journal	= {Administrative Science Quarterly},
  volume	= {52},
  number	= {3},
  pages		= {443--475},
  year		= {2007},
  publisher	= {SAGE Publications}
}

@InProceedings{	  kaser2001knowledge,
  author	= {K\"aser, Philipp AW and Miles, Raymond E},
  title		= {Knowledge Activists: The Cultivation of Motivation and
		  Trust Properties of Knowledge Sharing Relationships},
  booktitle	= {Academy of Management Proceedings},
  year		= {2001},
  pages		= {D1--D6},
  organization	= {Academy of Management},
  volume	= {2001},
  number	= {1}
}

@Article{	  smith2001role,
  author	= {Smith, Elizabeth A},
  title		= {The role of tacit and explicit knowledge in the
		  workplace},
  journal	= {Journal of Knowledge Management},
  year		= {2001},
  volume	= {5},
  number	= {4},
  pages		= {311--321},
  publisher	= {MCB UP Ltd}
}

@Article{	  hansen1999search,
  title		= {The search-transfer problem: The role of weak ties in
		  sharing knowledge across organization subunits},
  author	= {Hansen, Morten T},
  journal	= {Administrative science quarterly},
  volume	= {44},
  number	= {1},
  pages		= {82--111},
  year		= {1999},
  publisher	= {Sage Publications}
}

@Article{	  turner2003natureoftheproject,
  author	= {Turner, J Rodney and M\"uller, Ralf},
  title		= {On the nature of the project as a temporary organization},
  journal	= {International Journal of Project Management},
  year		= {2003},
  volume	= {21},
  number	= {1},
  pages		= {1--8},
  publisher	= {Elsevier}
}

@Article{	  hurmelinna2008appropriability,
  author	= {Hurmelinna-Laukkanen, Pia and Sainio, Liisa-Maija and
		  Jauhiainen, Tiina},
  title		= {Appropriability regime for radical and incremental
		  innovations},
  journal	= {R&D Management},
  year		= {2008},
  volume	= {38},
  number	= {3},
  pages		= {278--289},
  publisher	= {Wiley Online Library}
}

@Article{	  knippenberg2000foci,
  author	= {Knippenberg, Daan and Schie, Els},
  title		= {Foci and correlates of organizational identification},
  journal	= {Journal of Occupational and Organizational Psychology},
  year		= {2000},
  volume	= {73},
  number	= {2},
  pages		= {137--147},
  publisher	= {Wiley Online Library}
}

@Article{	  kasper2001communicating,
  author	= {Kasper-Fuehrera, Eva C and Ashkanasy, Neal M},
  title		= {Communicating trustworthiness and building trust in
		  interorganizational virtual organizations},
  journal	= {Journal of Management},
  year		= {2001},
  volume	= {27},
  number	= {3},
  pages		= {235--254},
  publisher	= {Sage Publications }
}

@Article{	  kleinbaum2007building,
  title		= {Building bridges: the social structure of interdependent
		  innovation},
  author	= {Kleinbaum, Adam M and Tushman, Michael L},
  journal	= {Strategic Entrepreneurship Journal},
  volume	= {1},
  number	= {1-2},
  pages		= {103--122},
  year		= {2007},
  publisher	= {Wiley Online Library}
}

@InProceedings{	  chung2005exploring,
  title		= {Exploring sociocentric and egocentric approaches for
		  social network analysis},
  author	= {Chung, K.K.S. and Hossain, L. and Davis, J.},
  booktitle	= {Proceedings of the 2nd international conference on
		  knowledge management in Asia Pacific},
  year		= {2005}
}

@Article{	  rasmussen2007work,
  author	= {Rasmussen, Lauge Baungaard and Wangel, Arne},
  title		= {Work in the virtual enterprise—creating identities,
		  building trust, and sharing knowledge},
  journal	= {AI \\& Society},
  year		= {2007},
  volume	= {21},
  number	= {1-2},
  pages		= {184--199},
  publisher	= {Springer}
}

@Article{	  riege2005three,
  author	= {Riege, Andreas},
  title		= {Three-dozen knowledge-sharing barriers managers must
		  consider},
  journal	= {Journal of Knowledge Management},
  year		= {2005},
  volume	= {9},
  number	= {3},
  pages		= {18--35},
  publisher	= {Emerald Group Publishing Limited}
}

@Book{		  knoke2008social,
  title		= {Social network analysis},
  author	= {Knoke, David and Yang, Song},
  volume	= {154},
  year		= {2008},
  publisher	= {Sage}
}

@Article{	  koskinen2003tacit,
  title		= {Tacit knowledge acquisition and sharing in a project work
		  context},
  author	= {Koskinen, Kaj U and Pihlanto, Pekka and Vanharanta,
		  Hannu},
  journal	= {International journal of project management},
  volume	= {21},
  number	= {4},
  pages		= {281--290},
  year		= {2003},
  publisher	= {Elsevier}
}

@Book{		  burt2005brokerage,
  title		= {Brokerage and closure: An introduction to social capital},
  author	= {Burt, Ronald S},
  year		= {2005},
  publisher	= {OUP Oxford}
}

@TechReport{	  nowak2005evolution,
  author	= {Nowak, Martin A and Sigmund, Karl},
  title		= {Evolution of indirect reciprocity},
  year		= {2005},
  number	= {IR-05-079},
  institution	= {International Institute for Applied Systems Analysis}
}

@Article{	  easterby2008absorptive,
  author	= {{Easterby-Smith}, Mark and Gra\c{c}a, Manuel and
		  Antonacopoulou, Elena and Ferdinand, Jason},
  title		= {Absorptive capacity: A process perspective},
  journal	= {Management Learning},
  year		= {2008},
  volume	= {39},
  number	= {5},
  pages		= {483--501},
  publisher	= {Sage Publications }
}

@Article{	  cabrera2006determinants,
  author	= {Cabrera, Angel and Collins, William C and Salgado, Jes\'us
		  F},
  title		= {Determinants of individual engagement in knowledge
		  sharing},
  journal	= {The International Journal of Human Resource Management},
  year		= {2006},
  volume	= {17},
  number	= {2},
  pages		= {245--264},
  publisher	= {Taylor & Francis}
}

@Article{	  mcadam2007exploring,
  title		= {Exploring the dichotomies within the tacit knowledge
		  literature: towards a process of tacit knowing in
		  organizations},
  author	= {McAdam, Rodney and Mason, Bob and McCrory, Josephine},
  journal	= {Journal of Knowledge Management},
  volume	= {11},
  number	= {2},
  pages		= {43--59},
  year		= {2007},
  publisher	= {Emerald Group Publishing Limited}
}

@Article{	  molm2000risk,
  title		= {Risk and trust in social exchange: An experimental test of
		  a classical proposition},
  author	= {Molm, L.D. and Takahashi, N. and Peterson, G.},
  journal	= {American Journal of Sociology},
  pages		= {1396--1427},
  year		= {2000},
  publisher	= {JSTOR}
}

@Article{	  barabasi1999emergence,
  author	= {Barab\'asi, Albert-L\'aszl\'o and Albert, R\'eka},
  title		= {Emergence of scaling in random networks},
  journal	= {Science},
  year		= {1999},
  volume	= {286},
  number	= {5439},
  pages		= {509--512},
  publisher	= {American Association for the Advancement of Science}
}

@Article{	  seidler2008use,
  title		= {The use of tacit knowledge within innovative companies:
		  knowledge management in innovative enterprises},
  author	= {Seidler-de Alwis, Ragna and Hartmann, Evi},
  journal	= {Journal of knowledge Management},
  volume	= {12},
  number	= {1},
  pages		= {133--147},
  year		= {2008},
  publisher	= {Emerald Group Publishing Limited}
}

@Article{	  lubit2001keys,
  title		= {The keys to sustainable competitive advantage},
  author	= {Lubit, Roy},
  journal	= {Organizational dynamics},
  volume	= {29},
  number	= {3},
  pages		= {164--178},
  year		= {2001},
  publisher	= {Elsevier Science}
}

@Article{	  farmer2006developing,
  title		= {Developing and implementing a triangulation protocol for
		  qualitative health research},
  author	= {Farmer, Tracy and Robinson, Kerry and Elliott, Susan J and
		  Eyles, John},
  journal	= {Qualitative health research},
  volume	= {16},
  number	= {3},
  pages		= {377--394},
  year		= {2006},
  publisher	= {SAGE Publications}
}

@Article{	  bergami2000self,
  title		= {Self-categorization, affective commitment and group
		  self-esteem as distinct aspects of social identity in the
		  organization},
  author	= {Bergami, Massimo and Bagozzi, Richard P},
  journal	= {British Journal of Social Psychology},
  volume	= {39},
  number	= {4},
  pages		= {555--577},
  year		= {2000},
  publisher	= {Wiley Online Library}
}

@Article{	  richards2001reciprocity,
  author	= {Richards, Diana},
  title		= {Reciprocity and shared knowledge structures in the
		  Prisoner's Dilemma game},
  journal	= {Journal of Conflict Resolution},
  year		= {2001},
  volume	= {45},
  number	= {5},
  pages		= {621--635},
  publisher	= {Sage Publications}
}

@Article{	  trewin2000australian,
  title		= {Australian standard classification of education
		  {(ASCED)}},
  author	= {Trewin, D},
  journal	= {Australian Bureau of Statistics},
  year		= {2000}
}

@Article{	  zahra2002absorptive,
  author	= {Zahra, Shaker A and George, Gerard},
  title		= {Absorptive capacity: A review, reconceptualization, and
		  extension},
  journal	= {Academy of Management Review},
  year		= {2002},
  volume	= {27},
  number	= {2},
  pages		= {185--203},
  publisher	= {Academy of Management}
}

@Article{	  tsoukas2001organizational,
  title		= {What is organizational knowledge?},
  author	= {Tsoukas, Haridimos and Vladimirou, Efi},
  journal	= {Journal of management studies},
  volume	= {38},
  number	= {7},
  pages		= {973--993},
  year		= {2001},
  publisher	= {Wiley Online Library}
}

@Article{	  kane2005knowledge,
  author	= {Kane, Aim\'ee A and Argote, Linda and Levine, John M},
  title		= {Knowledge transfer between groups via personnel rotation:
		  Effects of social identity and knowledge quality},
  journal	= {Organizational Behavior and Human Decision Processes},
  year		= {2005},
  volume	= {96},
  number	= {1},
  pages		= {56--71},
  publisher	= {Elsevier}
}

@Book{		  horvath2000working,
  title		= {Working with tacit knowledge},
  author	= {Horvath, Joseph A},
  year		= {2000},
  publisher	= {Butterworth-Heinemann, Wobum, CA, USA}
}

@Article{	  adler2008perspective,
  title		= {Perspective-Professional work: The emergence of
		  collaborative community},
  author	= {Adler, Paul S and Kwon, Seok-Woo and Heckscher, Charles},
  journal	= {Organization Science},
  volume	= {19},
  number	= {2},
  pages		= {359--376},
  year		= {2008},
  publisher	= {INFORMS}
}

@InProceedings{	  gassmann2004towards,
  title		= {Towards a theory of open innovation: three core process
		  archetypes},
  author	= {Gassmann, Oliver and Enkel, Ellen},
  booktitle	= {R\&D management conference},
  pages		= {1--18},
  year		= {2004}
}

@Article{	  bordum2002tacit,
  title		= {From tacit knowing to tacit knowledge--emancipation or
		  ideology?},
  author	= {Bordum, Anders},
  journal	= {Critical Quarterly},
  volume	= {44},
  number	= {3},
  pages		= {50--54},
  year		= {2002},
  publisher	= {Wiley Online Library}
}

@Article{	  van1999coevolution,
  title		= {Coevolution of firm absorptive capacity and knowledge
		  environment: Organizational forms and combinative
		  capabilities},
  author	= {Van Den Bosch, Frans AJ and Volberda, Henk W and De Boer,
		  Michiel},
  journal	= {Organization Science},
  volume	= {10},
  number	= {5},
  pages		= {551--568},
  year		= {1999},
  publisher	= {INFORMS}
}

@Article{	  endres2007tacit,
  author	= {Lee Endres, Megan and Endres, Steven P and Chowdhury,
		  Sanjib K and Alam, Intakhab},
  title		= {Tacit knowledge sharing, self-efficacy theory, and
		  application to the Open Source community},
  journal	= {Journal of Knowledge Management},
  year		= {2007},
  volume	= {11},
  number	= {3},
  pages		= {92--103},
  publisher	= {Emerald Group Publishing Limited}
}

@Article{	  haldin2000difficulties,
  title		= {Difficulties in diffusion of tacit knowledge in
		  organizations},
  author	= {Haldin-Herrgard, Tua},
  journal	= {Journal of Intellectual capital},
  volume	= {1},
  number	= {4},
  pages		= {357--365},
  year		= {2000},
  publisher	= {MCB UP Ltd}
}

@Article{	  fleming2007brokerage,
  author	= {Fleming, Lee and Waguespack, David M},
  title		= {Brokerage, boundary spanning, and leadership in open
		  innovation communities},
  journal	= {Organization Science},
  year		= {2007},
  volume	= {18},
  number	= {2},
  pages		= {165--180},
  publisher	= {INFORMS}
}

@Article{	  johannessen2001mismanagement,
  title		= {Mismanagement of tacit knowledge: the importance of tacit
		  knowledge, the danger of information technology, and what
		  to do about it},
  author	= {Johannessen, Jon-Arild and Olaisen, Johan and Olsen,
		  Bj{\o}Rn},
  journal	= {International journal of information management},
  volume	= {21},
  number	= {1},
  pages		= {3--20},
  year		= {2001},
  publisher	= {Elsevier}
}

@Article{	  renzl2008trust,
  title		= {Trust in management and knowledge sharing: The mediating
		  effects of fear and knowledge documentation},
  author	= {Renzl, Birgit},
  journal	= {Omega},
  volume	= {36},
  number	= {2},
  pages		= {206--220},
  year		= {2008},
  publisher	= {Elsevier}
}

@Article{	  brown2001knowledge,
  author	= {Brown, John Seely and Duguid, Paul},
  title		= {Knowledge and organization: A social-practice
		  perspective},
  journal	= {Organization Science},
  year		= {2001},
  volume	= {12},
  number	= {2},
  pages		= {198--213},
  publisher	= {INFORMS}
}

@InProceedings{	  yang2006knowledge,
  author	= {Yang, Heng-Li and Wu, Ted CT},
  title		= {Knowledge sharing in an organization-Share or not?},
  booktitle	= {International Conference on Computing & Informatics},
  year		= {2006},
  pages		= {1--7},
  organization	= {IEEE}
}

@Article{	  mcevoy2006critical,
  title		= {A critical realist rationale for using a combination of
		  quantitative and qualitative methods},
  author	= {McEvoy, Phil and Richards, David},
  journal	= {Journal of research in nursing},
  volume	= {11},
  number	= {1},
  pages		= {66--78},
  year		= {2006},
  publisher	= {Sage Publications London, Thousand Oaks, New Delhi}
}

@Article{	  levin2004strength,
  author	= {Levin, Daniel Z and Cross, Rob},
  title		= {The strength of weak ties you can trust: The mediating
		  role of trust in effective knowledge transfer},
  journal	= {Management Science},
  year		= {2004},
  volume	= {50},
  number	= {11},
  pages		= {1477--1490},
  publisher	= {Informs}
}

@Article{	  lam2000tacit,
  title		= {Tacit knowledge, organizational learning and societal
		  institutions: an integrated framework},
  author	= {Lam, Alice},
  journal	= {Organization studies},
  volume	= {21},
  number	= {3},
  pages		= {487--513},
  year		= {2000},
  publisher	= {Sage Publications}
}

@Article{	  castelfranchi2008trust,
  title		= {Trust and reciprocity: misunderstandings},
  author	= {Castelfranchi, Cristiano},
  journal	= {International Review of Economics},
  volume	= {55},
  number	= {1-2},
  pages		= {45--63},
  year		= {2008},
  publisher	= {Springer}
}

@Article{	  burt2000network,
  author	= {Burt, Ronald S},
  title		= {The network structure of social capital},
  journal	= {Research in Organizational Behavior},
  year		= {2000},
  volume	= {22},
  pages		= {345--423},
  publisher	= {Elsevier}
}

@InProceedings{	  busch2000graphically,
  title		= {Graphically defining articulable tacit knowledge},
  author	= {Busch, Peter and Richards, Debbie},
  booktitle	= {Selected papers from the Pan-Sydney workshop on
		  Visualisation-Volume 2},
  pages		= {51--60},
  year		= {2000},
  organization	= {Australian Computer Society, Inc.}
}

@Article{	  johnson2002all,
  title		= {Why all this fuss about codified and tacit knowledge?},
  author	= {Johnson, Bj{\"o}rn and Lorenz, Edward and Lundvall,
		  Bengt-{\AA}ke},
  journal	= {Industrial and corporate change},
  volume	= {11},
  number	= {2},
  pages		= {245--262},
  year		= {2002},
  publisher	= {Oxford Univ Press}
}

@Article{	  nooteboom2000learning,
  title		= {Learning by interaction: absorptive capacity, cognitive
		  distance and governance},
  author	= {Nooteboom, Bart},
  journal	= {Journal of management and governance},
  volume	= {4},
  number	= {1-2},
  pages		= {69--92},
  year		= {2000},
  publisher	= {Springer}
}

@TechReport{	  sternberg1999tacit,
  author	= {Sternberg, Robert J and Forsythe, George B and Hedlund,
		  Jennifer and Horvath, Joseph A and Tremble, Trueman},
  title		= {Tacit knowledge in the workplace},
  institution	= {U.S. Army Research Institute for the Behavioral and Social
		  Sciences},
  year		= {1999},
  number	= {1093},
  month		= {March}
}

@Article{	  van2008interactive,
  title		= {Interactive effects of work group and organizational
		  identification on job satisfaction and extra-role
		  behavior},
  author	= {Van Dick, Rolf and van Knippenberg, Daan and Kerschreiter,
		  Rudolf and Hertel, Guido and Wieseke, Jan},
  journal	= {Journal of Vocational Behavior},
  volume	= {72},
  number	= {3},
  pages		= {388--399},
  year		= {2008},
  publisher	= {Elsevier}
}

@Article{	  burt2001structural,
  title		= {Structural holes versus network closure as social
		  capital},
  author	= {Burt, Ronald S},
  journal	= {Social capital: Theory and research},
  pages		= {31--56},
  year		= {2001}
}

@Article{	  robins2007introduction,
  author	= {Robins, Garry and Pattison, Pip and Kalish, Yuval and
		  Lusher, Dean},
  title		= {An introduction to exponential random graph (p*) models
		  for social networks},
  journal	= {Social Networks},
  year		= {2007},
  volume	= {29},
  number	= {2},
  pages		= {173--191},
  publisher	= {Elsevier}
}

@Book{		  patton2002qualitative,
  author	= {Patton, Michael Quinn},
  title		= {Qualitative research and evaluation methods. Thousand
		  Oaks},
  year		= {2002},
  publisher	= {Sage Publications}
}

@Book{		  van2007engaged,
  title		= {Engaged scholarship: A guide for organizational and social
		  research},
  author	= {Van de Ven, Andrew H},
  year		= {2007},
  publisher	= {Oxford University Press on Demand}
}

@Article{	  johnson2004mixed,
  title		= {Mixed methods research: A research paradigm whose time has
		  come},
  author	= {Johnson, R Burke and Onwuegbuzie, Anthony J},
  journal	= {Educational researcher},
  volume	= {33},
  number	= {7},
  pages		= {14--26},
  year		= {2004},
  publisher	= {Sage Publications}
}

@Article{	  reagans2008knowledge,
  title		= {Why knowledge does not equal power: the network redundancy
		  trade-off},
  author	= {Reagans, Ray E and Zuckerman, Ezra W},
  journal	= {Industrial and Corporate Change},
  volume	= {17},
  number	= {5},
  pages		= {903--944},
  year		= {2008},
  publisher	= {Oxford Univ Press}
}

@Article{	  crawford2001web,
  author	= {Crawford, Scott D and Couper, Mick P and Lamias, Mark J},
  title		= {Web surveys: Perceptions of burden},
  journal	= {Social Science Computer Review},
  year		= {2001},
  volume	= {19},
  number	= {2},
  pages		= {146--162},
  publisher	= {Sage Publications Sage CA: Thousand Oaks, CA}
}

@Article{	  van2006conducting,
  author	= {Van Selm, Martine and Jankowski, Nicholas W},
  title		= {Conducting online surveys},
  journal	= {Quality and Quantity},
  year		= {2006},
  volume	= {40},
  number	= {3},
  pages		= {435--456},
  publisher	= {Springer}
}

@Article{	  evans2005value,
  author	= {Evans, Joel R and Mathur, Anil},
  title		= {The value of online surveys},
  journal	= {Internet Research},
  year		= {2005},
  volume	= {15},
  number	= {2},
  pages		= {195--219},
  publisher	= {Emerald Group Publishing Limited}
}

@Article{	  elder2008searching,
  author	= {Elder-Vass, Dave},
  title		= {Searching for realism, structure and agency in Actor
		  Network Theory },
  journal	= {The British journal of sociology},
  year		= {2008},
  volume	= {59},
  number	= {3},
  pages		= {455--473},
  publisher	= {Wiley Online Library}
}

@Article{	  muller2008living,
  title		= {Living up to one's commitments: Agency, strategies and
		  trust},
  author	= {M{\"u}ller, Thomas},
  journal	= {Journal of Applied Logic},
  volume	= {6},
  number	= {2},
  pages		= {251--266},
  year		= {2008},
  publisher	= {Elsevier}
}

@Article{	  gourlay2002tacit,
  title		= {Tacit knowledge, tacit knowing, or behaving?},
  author	= {Gourlay, Stephen},
  year		= {2002}
}

@Article{	  ashleigh2007trust,
  title		= {Trust and technologies: Implications for organizational
		  work practices},
  author	= {Ashleigh, Melanie J and Nandhakumar, Joe},
  journal	= {Decision support systems},
  volume	= {43},
  number	= {2},
  pages		= {607--617},
  year		= {2007},
  publisher	= {Elsevier}
}

@Article{	  yayavaram2008decomposability,
  title		= {Decomposability in knowledge structures and its impact on
		  the usefulness of inventions and knowledge-base
		  malleability},
  author	= {Yayavaram, Sai and Ahuja, Gautam},
  journal	= {Administrative Science Quarterly},
  volume	= {53},
  number	= {2},
  pages		= {333--362},
  year		= {2008},
  publisher	= {SAGE Publications Sage CA: Los Angeles, CA}
}

@Article{	  wixom2005theoretical,
  title		= {A theoretical integration of user satisfaction and
		  technology acceptance},
  author	= {Wixom, Barbara H and Todd, Peter A},
  journal	= {Information systems research},
  volume	= {16},
  number	= {1},
  pages		= {85--102},
  year		= {2005},
  publisher	= {INFORMS}
}

@Article{	  bennet2008depth,
  title		= {The depth of knowledge: surface, shallow or deep?},
  author	= {Bennet, David and Bennet, Alex},
  journal	= {Vine},
  volume	= {38},
  number	= {4},
  pages		= {405--420},
  year		= {2008},
  publisher	= {Emerald Group Publishing Limited}
}

@Article{	  webb2002depth,
  title		= {Depth-of-knowledge levels for four content areas},
  author	= {Webb, Norman L},
  journal	= {Language Arts},
  volume	= {28},
  number	= {March},
  year		= {2002}
}

@Book{		  bandura1994self,
  title		= {Self-efficacy},
  author	= {Bandura, Albert},
  year		= {1994},
  publisher	= {Wiley Online Library}
}

@Book{		  blau1964exchange,
  title		= {Exchange and power in social life},
  author	= {Blau, Peter Michael},
  year		= {1964},
  publisher	= {Transaction Publishers}
}

@Article{	  peteraf1993cornerstones,
  title		= {The cornerstones of competitive advantage: A
		  resource-based view},
  author	= {Peteraf, Margaret A},
  journal	= {Strategic management journal},
  volume	= {14},
  number	= {3},
  pages		= {179--191},
  year		= {1993},
  publisher	= {Wiley Online Library}
}

@Article{	  emirbayer1994network,
  author	= {Emirbayer, Mustafa and Goodwin, Jeff},
  title		= {Network analysis, culture, and the problem of agency},
  journal	= {American Journal of Sociology},
  year		= {1994},
  pages		= {1411--1454},
  publisher	= {JSTOR}
}

@Article{	  lane1998relative,
  author	= {Lane, Peter J and Lubatkin, Michael},
  title		= {Relative absorptive capacity and interorganizational
		  learning},
  journal	= {Strategic Management Journal},
  year		= {1998},
  volume	= {19},
  number	= {5},
  pages		= {461--477}
}

@Article{	  freeman1979centrality,
  title		= {Centrality in social networks: II. Experimental results},
  author	= {Freeman, Linton C and Roeder, Douglas and Mulholland,
		  Robert R},
  journal	= {Social networks},
  volume	= {2},
  number	= {2},
  pages		= {119--141},
  year		= {1979},
  publisher	= {North-Holland}
}

@Article{	  mcallister1995affect,
  author	= {McAllister, Daniel J},
  title		= {Affect-and cognition-based trust as foundations for
		  interpersonal cooperation in organizations},
  journal	= {Academy of Management Journal},
  year		= {1995},
  volume	= {38},
  number	= {1},
  pages		= {24--59},
  publisher	= {Academy of Management}
}

@Book{		  nonaka1995knowledge,
  title		= {The knowledge-creating company: How Japanese companies
		  create the dynamics of innovation},
  author	= {Nonaka, Ikujiro and Takeuchi, Hirotaka},
  year		= {1995},
  publisher	= {Oxford University Press}
}

@Article{	  spender1996organizational,
  author	= {Spender, J-C},
  title		= {Organizational knowledge, learning and memory: three
		  concepts in search of a theory},
  journal	= {Journal of Organizational Change Management},
  year		= {1996},
  volume	= {9},
  number	= {1},
  pages		= {63--78},
  publisher	= {MCB UP Ltd}
}

@Article{	  barney1991firm,
  author	= {Barney, Jay},
  title		= {Firm resources and sustained competitive advantage},
  journal	= {Journal of Management},
  year		= {1991},
  volume	= {17},
  number	= {1},
  pages		= {99--120},
  publisher	= {Sage Publications}
}

@Article{	  nonaka1994dynamic,
  title		= {A dynamic theory of organizational knowledge creation},
  author	= {Nonaka, Ikujiro},
  journal	= {Organization science},
  volume	= {5},
  number	= {1},
  pages		= {14--37},
  year		= {1994},
  publisher	= {INFORMS}
}

@Article{	  teece1998capturing,
  author	= {Teece, David J},
  title		= {Capturing value from knowledge assets: The new economy,
		  markets for know-how, and intangible assets},
  journal	= {California Management Review},
  year		= {1998},
  volume	= {40},
  pages		= {55--79},
  publisher	= {World Scientific}
}

@Article{	  eisenhardt1989building,
  title		= {Building theories from case study research},
  author	= {Eisenhardt, Kathleen M},
  journal	= {Academy of management review},
  volume	= {14},
  number	= {4},
  pages		= {532--550},
  year		= {1989},
  publisher	= {Academy of Management}
}

@Article{	  emerson1962power,
  title		= {Power-dependence relations},
  author	= {Emerson, Richard M},
  journal	= {American sociological review},
  pages		= {31--41},
  year		= {1962},
  publisher	= {JSTOR}
}

@Book{		  crotty1998foundations,
  title		= {The foundations of social research: Meaning and
		  perspective in the research process},
  author	= {Crotty, Michael},
  year		= {1998},
  publisher	= {Sage}
}

@Article{	  rempel1985trust,
  author	= {Rempel, John K and Holmes, John G and Zanna, Mark P},
  title		= {Trust in close relationships.},
  journal	= {Journal of Personality and Social Psychology},
  year		= {1985},
  volume	= {49},
  number	= {1},
  pages		= {95},
  publisher	= {American Psychological Association}
}

@Article{	  wernerfelt1984resource,
  author	= {Wernerfelt, Birger},
  title		= {A resource-based view of the firm},
  journal	= {Strategic Management Journal},
  year		= {1984},
  volume	= {5},
  number	= {2},
  pages		= {171--180},
  publisher	= {Wiley Online Library}
}

@Article{	  frank1986markov,
  author	= {Frank, Ove and Strauss, David},
  title		= {Markov graphs},
  journal	= {Journal of the American Statistical Association},
  year		= {1986},
  volume	= {81},
  number	= {395},
  pages		= {832--842},
  publisher	= {Taylor & Francis Group}
}

@Article{	  cohen1989innovation,
  author	= {Cohen, Wesley M and Levinthal, Daniel A},
  title		= {Innovation and learning: the two faces of R & D},
  journal	= {The economic journal},
  year		= {1989},
  pages		= {569--596},
  publisher	= {JSTOR}
}

@InCollection{	  ajzen1985intentions,
  title		= {From intentions to actions: A theory of planned behavior},
  author	= {Ajzen, Icek},
  booktitle	= {Action control},
  pages		= {11--39},
  year		= {1985},
  publisher	= {Springer}
}

@Book{		  giddens1984constitution,
  author	= {Giddens, Anthony},
  title		= {The constitution of society: Outline of the structuration
		  theory},
  year		= {1984},
  publisher	= {Polity Press},
  pages		= {402}
}

@Article{	  bonacich1987power,
  author	= {Bonacich, Phillip},
  title		= {Power and centrality: A family of measures},
  journal	= {American Journal of Sociology},
  year		= {1987},
  volume	= {92},
  number	= {5},
  pages		= {1170--1182},
  publisher	= {University of Chicago Press}
}

@Article{	  freeman1979centrality,
  author	= {Freeman, Linton C},
  title		= {Centrality in social networks conceptual clarification},
  journal	= {Social Networks},
  year		= {1979},
  volume	= {1},
  number	= {3},
  pages		= {215--239},
  publisher	= {Elsevier}
}

@Article{	  grant1996toward,
  author	= {Grant, Robert M},
  title		= {Toward a knowledge-based theory of the firm},
  journal	= {Strategic Management Journal},
  year		= {1996},
  volume	= {17},
  pages		= {109--122},
  publisher	= {JOHN WILEY \\& SONS LTD BAFFINS LANE CHICHESTER, W SUSSEX,
		  ENGLAND PO19 1UD}
}

@Article{	  pardee1990motivation,
  title		= {Motivation Theories of Maslow, Herzberg, McGregor \&
		  McClelland. A Literature Review of Selected Theories
		  Dealing with Job Satisfaction and Motivation.},
  author	= {Pardee, Ronald L},
  year		= {1990},
  publisher	= {ERIC}
}

@Article{	  ajzen1991theory,
  author	= {Ajzen, Icek},
  title		= {The theory of planned behavior},
  journal	= {Organizational Behavior and Human Decision Processes},
  year		= {1991},
  volume	= {50},
  number	= {2},
  pages		= {179--211}
}

@Article{	  dyer1998relational,
  title		= {The relational view: cooperative strategy and sources of
		  interorganizational competitive advantage},
  author	= {Dyer, Jeffrey H and Singh, Harbir},
  journal	= {Academy of management review},
  volume	= {23},
  number	= {4},
  pages		= {660--679},
  year		= {1998},
  publisher	= {Academy of Management}
}

@Book{		  homans1961social,
  author	= {Homans, George Caspar},
  title		= {Social behavior: Its elementary forms.},
  year		= {1961},
  publisher	= {Harcourt, Brace}
}

@Article{	  hummon1990computational,
  title		= {Computational methods for social network analysis},
  author	= {Hummon, Norman P and Doreian, Patrick},
  journal	= {Social Networks},
  volume	= {12},
  number	= {4},
  pages		= {273--288},
  year		= {1990},
  publisher	= {Elsevier}
}

@Book{		  archer1998critical,
  title		= {Critical realism: Essential readings},
  publisher	= {Routledge},
  year		= {1998},
  editor	= {Archer, Margaret and Bhaskar, Roy and Collier, Andrew and
		  Lawson, Tony and Norrie, Alan}
}

@Article{	  tushman1981boundary,
  title		= {Boundary spanning individuals: Their role in information
		  transfer and their antecedents},
  author	= {Tushman, Michael L and Scanlan, Thomas J},
  journal	= {Academy of management journal},
  volume	= {24},
  number	= {2},
  pages		= {289--305},
  year		= {1981},
  publisher	= {Academy of Management}
}

@Article{	  szulanski1996exploring,
  author	= {Szulanski, Gabriel},
  title		= {Exploring internal stickiness: Impediments to the transfer
		  of best practice within the firm},
  journal	= {Strategic Management Journal},
  year		= {1996},
  volume	= {17},
  number	= {S2},
  pages		= {27--43},
  publisher	= {Wiley Online Library}
}

@Article{	  ibarra1993power,
  title		= {Power, social influence, and sense making: Effects of
		  network centrality and proximity on employee perceptions},
  author	= {Ibarra, Herminia and Andrews, Steven B},
  journal	= {Administrative science quarterly},
  pages		= {277--303},
  year		= {1993},
  publisher	= {JSTOR}
}

@InBook{	  meyerson1996swift,
  author	= {Meyerson, Debra and Weick, Karl E and Kramer, Roderick M},
  title		= {Swift trust and temporary groups},
  booktitle	= {Trust in organizations: Frontiers of theory and research},
  year		= {1996},
  pages		= {166-195},
  chapter	= {9},
  editor	= {Kramer, Roderick M. and Tyler,Tom R. },
  publisher	= {SAGE Publications}
}

@Article{	  axelrod1980effective,
  author	= {Axelrod, Robert},
  title		= {Effective choice in the prisoner's dilemma},
  journal	= {Journal of Conflict Resolution},
  year		= {1980},
  volume	= {24},
  number	= {1},
  pages		= {3--25},
  publisher	= {Sage Publications}
}

@Article{	  spender1996making,
  author	= {Spender, J-C},
  title		= {Making knowledge the basis of a dynamic theory of the
		  firm},
  journal	= {Strategic Management Journal},
  year		= {1996},
  volume	= {17},
  pages		= {45--62},
  publisher	= {Wiley Online Library}
}

@Article{	  marsden1982brokerage,
  title		= {Brokerage Behavior in Restricted Exchange Networks." Pp.
		  201—18 in Social Structure and NetworkAnalysis. edited by
		  PV Marsden and N. Lin. Beverly Hills, CA: Sage. 1983},
  author	= {Marsden, Peter V},
  journal	= {Restricted Access in Networks and Models of Power."
		  American Journal of Sociology},
  volume	= {88},
  pages		= {686--717},
  year		= {1982}
}

@Article{	  saether1998retroduction,
  title		= {Retroduction: an alternative research strategy?},
  author	= {S{\ae}ther, Bj{\o}rnar},
  journal	= {Business Strategy and the Environment},
  volume	= {7},
  number	= {4},
  pages		= {245--249},
  year		= {1998},
  publisher	= {Wiley Online Library}
}

@Book{		  davenport1998working,
  title		= {Working knowledge: How organizations manage what they
		  know},
  author	= {Davenport, Thomas H and Prusak, Laurence},
  year		= {1998},
  publisher	= {Harvard Business Press}
}

@Article{	  zander1995knowledge,
  author	= {Zander, Udo and Kogut, Bruce},
  title		= {Knowledge and the speed of the transfer and imitation of
		  organizational capabilities: An empirical test},
  journal	= {Organization Science},
  year		= {1995},
  volume	= {6},
  number	= {1},
  pages		= {76--92},
  publisher	= {INFORMS}
}

@Article{	  wasserman1996logit,
  author	= {Wasserman, Stanley and Pattison, Philippa},
  title		= {Logit models and logistic regressions for social networks:
		  I. An introduction to Markov graphs and p*},
  journal	= {Psychometrika},
  year		= {1996},
  volume	= {61},
  number	= {3},
  pages		= {401--425},
  publisher	= {Springer}
}

@Book{		  polanyi1966tacit,
  author	= {Polanyi, Michael},
  title		= {The Tacit Dimension},
  publisher	= {Doubleday & Company},
  year		= {1966}
}

@Article{	  deci1989self,
  author	= {Deci, Edward L and Connell, James P and Ryan, Richard M},
  title		= {Self-determination in a work organization.},
  journal	= {Journal of Applied Psychology},
  year		= {1989},
  volume	= {74},
  number	= {4},
  pages		= {580},
  publisher	= {American Psychological Association}
}

@Article{	  lewis1985trust,
  author	= {Lewis, J David and Weigert, Andrew},
  title		= {Trust as a social reality},
  journal	= {Social Forces},
  year		= {1985},
  volume	= {63},
  number	= {4},
  pages		= {967--985},
  publisher	= {Oxford University Press}
}

@Article{	  bandura1982self,
  author	= {Bandura, Albert},
  title		= {Self-efficacy mechanism in human agency.},
  journal	= {American Psychologist},
  year		= {1982},
  volume	= {37},
  number	= {2},
  pages		= {122-147},
  publisher	= {American Psychological Association}
}

@Article{	  van1986central,
  author	= {Van de Ven, Andrew H},
  title		= {Central problems in the management of innovation},
  journal	= {Management cience},
  year		= {1986},
  volume	= {32},
  number	= {5},
  pages		= {590--607},
  publisher	= {INFORMS}
}

@Article{	  axelrod1981evolution,
  author	= {Axelrod, Robert and Hamilton, William D},
  title		= {The evolution of cooperation},
  journal	= {Science},
  year		= {1981},
  volume	= {211},
  number	= {27},
  pages		= {1390--1396}
}

@Article{	  brown1997art,
  author	= {Brown, Shona L and Eisenhardt, Kathleen M},
  title		= {The art of continuous change: Linking complexity theory
		  and time-paced evolution in relentlessly shifting
		  organizations},
  journal	= {Administrative Science Quarterly},
  year		= {1997},
  pages		= {1--34},
  publisher	= {JSTOR}
}

@Article{	  mael1992alumni,
  title		= {Alumni and their alma mater: A partial test of the
		  reformulated model of organizational identification},
  author	= {Mael, Fred and Ashforth, Blake E},
  journal	= {Journal of organizational Behavior},
  volume	= {13},
  number	= {2},
  pages		= {103--123},
  year		= {1992},
  publisher	= {Wiley Online Library}
}

@Book{		  diamond1988foucault,
  title		= {Foucault and feminism: Reflections on resistance},
  author	= {Diamond, Irene and Quinby, Lee},
  year		= {1988},
  publisher	= {Boston: Northeastern University Press}
}

@Article{	  pardee1990motivation,
  title		= {Motivation Theories of Maslow, Herzberg, McGregor \&
		  McClelland. A Literature Review of Selected Theories
		  Dealing with Job Satisfaction and Motivation.},
  author	= {Pardee, Ronald L},
  year		= {1990},
  publisher	= {ERIC}
}

@Article{	  gould1989structures,
  author	= {Gould, Roger V and Fernandez, Roberto M},
  title		= {Structures of mediation: A formal approach to brokerage in
		  transaction networks},
  journal	= {Sociological Methodology},
  year		= {1989},
  volume	= {19},
  number	= {1989},
  pages		= {89--126},
  publisher	= {JSTOR}
}

@Article{	  cohen1990absorptive,
  author	= {Cohen, Wesley M and Levinthal, Daniel A},
  title		= {Absorptive capacity: a new perspective on learning and
		  innovation.},
  journal	= {Administrative Science Quarterly},
  year		= {1990},
  volume	= {35},
  number	= {1},
  pages		= {128--152}
}

@Article{	  white1959motivation,
  title		= {Motivation reconsidered: The concept of competence.},
  author	= {White, Robert W},
  journal	= {Psychological review},
  volume	= {66},
  number	= {5},
  pages		= {297},
  year		= {1959},
  publisher	= {American Psychological Association}
}

@Article{	  mayer1995integrative,
  author	= {Mayer, Roger C and Davis, James H and Schoorman, F David},
  title		= {An integrative model of organizational trust},
  journal	= {Academy of Management Review},
  year		= {1995},
  volume	= {20},
  number	= {3},
  pages		= {709--734},
  publisher	= {Academy of Management}
}

@InBook{	  winter1987knowledge,
  author	= {Winter, Sidney G},
  title		= {Knowledge and competence as strategic assets},
  booktitle	= {The Strategic Management of Intellectual Capital},
  chapter	= {11},
  year		= {1987},
  editor	= {Klein, David},
  pages		= {161--187},
  publisher	= {Butterworth-Heinemann}
}

@Article{	  blais1987epistemic,
  title		= {Epistemic tit for tat},
  author	= {Blais, Michel J},
  journal	= {The Journal of Philosophy},
  volume	= {84},
  number	= {7},
  pages		= {363--375},
  year		= {1987},
  publisher	= {JSTOR}
}

@Article{	  coleman1988social,
  title		= {Social Capital in the Creation of Human Capital},
  author	= {Coleman, James},
  journal	= {American Journal of Sociology},
  volume	= {94},
  pages		= {S95--S12},
  year		= {1988}
}

@Article{	  amabile1988model,
  title		= {A model of creativity and innovation in organizations},
  author	= {Amabile, Teresa M},
  journal	= {Research in organizational behavior},
  volume	= {10},
  number	= {1},
  pages		= {123--167},
  year		= {1988}
}

@Book{		  simmel1950sociology,
  title		= {The sociology of georg simmel},
  author	= {Simmel, Georg and Wolff, Kurt H},
  volume	= {92892},
  year		= {1950},
  publisher	= {Simon and Schuster}
}

@Article{	  von1994sticky,
  title		= {“Sticky information” and the locus of problem solving:
		  implications for innovation},
  author	= {Von Hippel, Eric},
  journal	= {Management science},
  volume	= {40},
  number	= {4},
  pages		= {429--439},
  year		= {1994},
  publisher	= {INFORMS}
}

@Article{	  davis1967structure,
  title		= {The structure of positive interpersonal relations in small
		  groups.},
  author	= {Davis, James A and Leinhardt, Samuel},
  year		= {1967},
  publisher	= {ERIC}
}

@Article{	  conger1988empowerment,
  author	= {Conger, Jay A and Kanungo, Rabindra N},
  title		= {The empowerment process: Integrating theory and practice},
  journal	= {Academy of Management Review},
  year		= {1988},
  volume	= {13},
  number	= {3},
  pages		= {471--482},
  publisher	= {Academy of Management}
}

@Article{	  bandura1977self,
  author	= {Bandura, A.},
  title		= {Self-efficacy: Toward a unifying theory of behavioral
		  change.},
  journal	= {Psychological Review},
  year		= {1977},
  volume	= {84},
  number	= {2},
  pages		= {191-195},
  publisher	= {American Psychological Association}
}

@Article{	  granovetter1973strength,
  author	= {Granovetter, Mark},
  title		= {The Strength of Weak Ties},
  journal	= {American Journal of Sociology},
  year		= {1973},
  volume	= {78},
  number	= {6},
  pages		= {1360--1380}
}

@Article{	  leonard1998role,
  author	= {Leonard, Dorothy and Sensiper, Sylvia},
  title		= {The role of tacit knowledge in group innovation},
  journal	= {California Management Review},
  year		= {1998},
  volume	= {40},
  number	= {3},
  pages		= {112--132},
  publisher	= {University of California Press Journals}
}

@Misc{		  burt1992structural,
  title		= {Structural holes: The social structure of competition},
  author	= {Burt, Ronald S},
  year		= {1992},
  journal	= {Cambridge},
  pages		= {275--290},
  publisher	= {Harvard University Press}
}

@Book{		  foucault1980power,
  title		= {Power/knowledge: Selected interviews and other writings,
		  1972-1977},
  author	= {Foucault, Michel},
  year		= {1980},
  publisher	= {Pantheon}
}

@Article{	  mael1992identifying,
  author	= {Mael, Fred A and Tetrick, Lois E},
  title		= {Identifying organizational identification},
  journal	= {Educational and Psychological Measurement},
  year		= {1992},
  volume	= {52},
  number	= {4},
  pages		= {813--824},
  publisher	= {Sage Publications}
}

@Article{	  spreitzer1995psychological,
  title		= {Psychological empowerment in the workplace: Dimensions,
		  measurement, and validation},
  author	= {Spreitzer, Gretchen M},
  journal	= {Academy of management Journal},
  volume	= {38},
  number	= {5},
  pages		= {1442--1465},
  year		= {1995},
  publisher	= {Academy of Management}
}

@Article{	  emirbayer1998agency,
  author	= {Emirbayer, Mustafa and Mische, Ann},
  title		= {What is agency?},
  journal	= {American Journal of Sociology},
  year		= {1998},
  volume	= {103},
  number	= {4},
  pages		= {962--1023},
  publisher	= {The University of Chicago Press}
}

@Article{	  parsons1937structure,
  title		= {The structure of social action},
  author	= {Parsons, Talcott},
  journal	= {Sociology. Thought and Action},
  volume	= {1},
  number	= {1},
  pages		= {32--46},
  year		= {1937}
}

@Article{	  polanyi1966logic,
  title		= {The logic of tacit inference},
  author	= {Polanyi, Michael},
  journal	= {Philosophy},
  volume	= {41},
  number	= {155},
  pages		= {1--18},
  year		= {1966},
  publisher	= {Cambridge University Press}
}

@Article{	  dragsdahl2019perspective,
  author	= {Dragsdahl Lauritzen, Ghita and Karafyllia, Maria},
  title		= {Perspective: Leveraging Open Innovation through Paradox},
  journal	= {Journal of Product Innovation Management},
  year		= {2019},
  volume	= {36},
  number	= {1},
  pages		= {107--121},
  publisher	= {Wiley Online Library}
}

@Article{	  matous2019external,
  title		= {External exposure, boundary-spanning, and opinion
		  leadership in remote communities: A network experiment},
  author	= {Matous, Petr and Wang, Peng},
  journal	= {Social Networks},
  volume	= {56},
  pages		= {10--22},
  year		= {2019},
  publisher	= {Elsevier}
}

@Article{	  gagne2019different,
  author	= {Gagn\'e, Maryl\`ene and Tian, Amy Wei and Soo, Christine
		  and Zhang, Bo and Ho, Khee Seng Benjamin and Hosszu,
		  Katrina},
  title		= {Different motivations for knowledge sharing and hiding:
		  The role of motivating work design},
  journal	= {Journal of Organizational Behavior},
  publisher	= {Wiley Online Library},
  year		= {2019}
}

@Manual{	  kassambara2019ggcorrplot,
  title		= {ggcorrplot: Visualization of a Correlation Matrix using
		  'ggplot2'},
  author	= {Alboukadel Kassambara},
  year		= {2019},
  note		= {R package version 0.1.3},
  url		= {https://CRAN.R-project.org/package=ggcorrplot}
}

@Manual{	  lang2019rcurl,
  title		= {RCurl: General Network (HTTP/FTP/...) Client Interface for
		  R},
  author	= {Duncan Temple Lang},
  year		= {2019},
  note		= {R package version 1.95-4.12},
  url		= {https://CRAN.R-project.org/package=RCurl}
}

@Manual{	  wickham2019readxl,
  title		= {readxl: Read Excel Files},
  author	= {Hadley Wickham and Jennifer Bryan},
  year		= {2019},
  note		= {R package version 1.3.1},
  url		= {https://CRAN.R-project.org/package=readxl}
}

@Manual{	  kassambara2019ggpubr,
  title		= {ggpubr: 'ggplot2' Based Publication Ready Plots},
  author	= {Alboukadel Kassambara},
  year		= {2019},
  note		= {R package version 0.2.1},
  url		= {https://CRAN.R-project.org/package=ggpubr}
}

@Article{	  pedersen2018tidygraph,
  title		= {Tidygraph: a tidy API for graph manipulation},
  author	= {Pedersen, Thomas Lin},
  journal	= {R package version},
  volume	= {1},
  number	= {0},
  year		= {2018}
}

@Manual{	  core2018r,
  title		= {R: A Language and Environment for Statistical Computing},
  author	= {R Core Team},
  organization	= {R Foundation for Statistical Computing},
  address	= {Vienna, Austria},
  year		= {2018},
  url		= {https://www.R-project.org/}
}

@Article{	  mcavoy2018critical,
  title		= {A critical realist method for applied business research},
  author	= {McAvoy, John and Butler, Tom},
  journal	= {Journal of Critical Realism},
  volume	= {17},
  number	= {2},
  pages		= {160--175},
  year		= {2018},
  publisher	= {Taylor \& Francis}
}

@Article{	  denford2018absorption,
  title		= {Absorption, combination and desorption: knowledge-oriented
		  boundary spanning capacities},
  author	= {Denford, James Stephen and Ferriss, Allan},
  journal	= {Journal of Knowledge Management},
  year		= {2018},
  publisher	= {Emerald Publishing Limited}
}

@InProceedings{	  forastiere2018estimating,
  author	= {L. Forastiere and F. Mealli and A. Wu and E. M. Airoldi},
  title		= {Estimating Causal Effects on Social Networks},
  booktitle	= {2018 IEEE 5th International Conference on Data Science and
		  Advanced Analytics },
  year		= {2018},
  pages		= {60-69},
  month		= {Oct},
  publisher	= {IEEE}
}

@Manual{	  wickham2018httr,
  title		= {httr: Tools for Working with URLs and HTTP},
  author	= {Hadley Wickham},
  year		= {2018},
  note		= {R package version 1.4.0},
  url		= {https://CRAN.R-project.org/package=httr}
}

@InCollection{	  bolisani2018elusive,
  title		= {The elusive definition of knowledge},
  author	= {Bolisani, Ettore and Bratianu, Constantin},
  booktitle	= {Emergent Knowledge Strategies},
  pages		= {1--22},
  year		= {2018},
  publisher	= {Springer}
}

@Article{	  sorrell2018explaining,
  title		= {Explaining sociotechnical transitions: A critical realist
		  perspective},
  author	= {Sorrell, Steve},
  journal	= {Research Policy},
  volume	= {47},
  number	= {7},
  pages		= {1267--1282},
  year		= {2018},
  publisher	= {Elsevier}
}

@Article{	  mcallister2017balancing,
  title		= {Balancing collaboration with coordination: Contesting
		  eradication in the Australian plant pest and disease
		  biosecurity system},
  author	= {McAllister, Ryan and Robinson, Catherine and Brown, Alinta
		  and Maclean, Kirsten and Perry, Suzy and Liu, Shuang},
  journal	= {International Journal of the Commons},
  volume	= {11},
  number	= {1},
  year		= {2017}
}

@Book{		  cox2017translating,
  title		= {Translating statistics to make decisions},
  author	= {Cox, Victoria},
  year		= {2017},
  publisher	= {Springer}
}

@Manual{	  wei2017corrplot,
  title		= {R package "corrplot": Visualization of a Correlation
		  Matrix},
  author	= {Taiyun Wei and Viliam Simko},
  year		= {2017},
  note		= {(Version 0.84)},
  url		= {https://github.com/taiyun/corrplot}
}

@Book{		  tell2017managing,
  title		= {Managing knowledge integration across boundaries},
  author	= {Tell, Fredrik and Berggren, Christian and Brusoni, Stefano
		  and Van de Ven, Andrew},
  year		= {2017},
  publisher	= {Oxford University Press}
}

@Article{	  chesbrough2017future,
  title		= {The Future of Open Innovation: The future of open
		  innovation is more extensive, more collaborative, and more
		  engaged with a wider variety of participants.},
  author	= {Chesbrough, Henry},
  journal	= {Research-Technology Management},
  volume	= {60},
  number	= {1},
  pages		= {35--38},
  year		= {2017},
  publisher	= {Taylor \& Francis}
}

@Article{	  brennecke2017firm,
  title		= {The firm’s knowledge network and the transfer of advice
		  among corporate inventors—A multilevel network study},
  author	= {Brennecke, Julia and Rank, Olaf},
  journal	= {Research Policy},
  volume	= {46},
  number	= {4},
  pages		= {768--783},
  year		= {2017},
  publisher	= {Elsevier}
}

@Article{	  fletcher2017applying,
  title		= {Applying critical realism in qualitative research:
		  methodology meets method},
  author	= {Fletcher, Amber J},
  journal	= {International Journal of Social Research Methodology},
  volume	= {20},
  number	= {2},
  pages		= {181--194},
  year		= {2017},
  publisher	= {Taylor \& Francis}
}

@Article{	  jebb2017exploratory,
  title		= {Exploratory data analysis as a foundation of inductive
		  research},
  author	= {Jebb, Andrew T and Parrigon, Scott and Woo, Sang Eun},
  journal	= {Human Resource Management Review},
  volume	= {27},
  number	= {2},
  pages		= {265--276},
  year		= {2017},
  publisher	= {Elsevier}
}

@Article{	  stanko2017under,
  author	= {Stanko, Michael A and Fisher, Gregory J and Bogers,
		  Marcel},
  title		= {Under the Wide Umbrella of Open Innovation},
  journal	= {Journal of Product Innovation Management},
  publisher	= {Wiley Online Library},
  year		= {2017}
}

@Manual{	  hijmans2017geosphere,
  title		= {geosphere: Spherical Trigonometry},
  author	= {Robert J. Hijmans},
  year		= {2017},
  note		= {R package version 1.5-7},
  url		= {https://CRAN.R-project.org/package=geosphere}
}

@Manual{	  wickham2017tidyverse,
  title		= {tidyverse: Easily Install and Load the 'Tidyverse'},
  author	= {Hadley Wickham},
  year		= {2017},
  note		= {R package version 1.2.1},
  url		= {https://CRAN.R-project.org/package=tidyverse}
}

@Article{	  kratzer2017open,
  title		= {Open innovation and company culture: Internal openness
		  makes the difference},
  author	= {Kratzer, Jan and Meissner, Dirk and Roud, Vitaly},
  journal	= {Technological Forecasting and Social Change},
  volume	= {119},
  pages		= {128--138},
  year		= {2017},
  publisher	= {Elsevier}
}

@Article{	  cropanzano2016social,
  author	= {Cropanzano, Russell and Anthony, Erica and Daniels, Shanna
		  and Hall, Alison},
  title		= {Social exchange theory: A critical review with theoretical
		  remedies},
  journal	= {Academy of Management Annals},
  year		= {2017},
  pages		= {479--515},
  publisher	= {Academy of Management},
  volume	= {11},
  number	= {1}
}

@Article{	  chesbrough2017future,
  author	= {Chesbrough, Henry},
  title		= {The Future of Open Innovation},
  journal	= {Research-Technology Management},
  year		= {2017},
  volume	= {60},
  number	= {1},
  pages		= {35--38},
  publisher	= {Taylor \\& Francis}
}

@Manual{	  auguie2017gridextra,
  title		= {gridExtra: Miscellaneous Functions for "Grid" Graphics},
  author	= {Baptiste Auguie},
  year		= {2017},
  note		= {R package version 2.3},
  url		= {https://CRAN.R-project.org/package=gridExtra}
}

@Article{	  silk2017application,
  title		= {The application of statistical network models in disease
		  research},
  author	= {Silk, Matthew J and Croft, Darren P and Delahay, Richard J
		  and Hodgson, David J and Weber, Nicola and Boots, Mike and
		  McDonald, Robbie A},
  journal	= {Methods in Ecology and Evolution},
  volume	= {8},
  number	= {9},
  pages		= {1026--1041},
  year		= {2017},
  publisher	= {Wiley Online Library}
}

@Article{	  bygstad2016identifying,
  title		= {Identifying generative mechanisms through affordances: a
		  framework for critical realist data analysis},
  author	= {Bygstad, Bendik and Munkvold, Bj{\o}rn Erik and Volkoff,
		  Olga},
  journal	= {Journal of Information Technology},
  volume	= {31},
  number	= {1},
  pages		= {83--96},
  year		= {2016},
  publisher	= {SAGE Publications Sage UK: London, England}
}

@Book{		  wickham2016ggplot2,
  title		= {ggplot2: elegant graphics for data analysis},
  author	= {Wickham, Hadley},
  year		= {2016},
  publisher	= {Springer}
}

@InProceedings{	  marabelli2016strategic,
  title		= {The strategic role of power and materiality in managing
		  network change},
  author	= {Marabelli, Marco and Newell, S and Galliers, R},
  booktitle	= {Academy of Management Proceedings},
  year		= {2016},
  organization	= {Academy of Management}
}

@Article{	  de2016knowledge,
  author	= {De Zubielqui, Graciela Corral and Jones, Janice and
		  Lester, Laurence},
  title		= {Knowledge inflows from market- and science-based actors,
		  absorptive capacity, innovation and performance: A study of
		  SMEs},
  journal	= {International Journal of Innovation Management},
  year		= {2016},
  volume	= {20},
  number	= {5},
  pages		= {31},
  publisher	= {World Scientific Publishing}
}

@Article{	  quintane2016brokers,
  title		= {How Do Brokers Broker? Tertius Gaudens, Tertius Iungens,
		  and the Temporality of Structural Holes},
  author	= {Quintane, Eric and Carnabuci, Gianluca},
  journal	= {Organization Science},
  volume	= {27},
  number	= {6},
  pages		= {1343--1360},
  year		= {2016},
  publisher	= {INFORMS}
}

@Article{	  szulanski2016overcoming,
  title		= {Overcoming Stickiness: How the Timing of Knowledge
		  Transfer Methods Affects Transfer Difficulty},
  author	= {Szulanski, Gabriel and Ringov, Dimo and Jensen, Robert J},
  journal	= {Organization Science},
  volume	= {27},
  number	= {2},
  pages		= {304--322},
  year		= {2016},
  publisher	= {Informs}
}

@Article{	  lichtenthaler2016absorptive,
  title		= {Absorptive capacity and firm performance: an integrative
		  framework of benefits and downsides},
  author	= {Lichtenthaler, Ulrich},
  journal	= {Technology Analysis \& Strategic Management},
  pages		= {1--13},
  year		= {2016},
  publisher	= {Taylor \& Francis}
}

@InProceedings{	  kucharska2016trust,
  author	= {Kucharska, Wioleta and Kowalczyk, Rafa\\l},
  title		= {Trust, Collaborative Culture and Tacit Knowledge Sharing
		  in Project Management--a Relationship Model},
  year		= {2016},
  booktitle	= {Proceedings of the 13th International Conference on
		  Intellectual Capital, Knowledge Management & Organisational
		  Learning (ICICKM 2016)},
  pages		= {159--166}
}

@Article{	  xia2016unpacking,
  title		= {Unpacking Open Innovation: Absorptive Capacity,
		  Exploratory and Exploitative Openness, and the Growth of
		  Entrepreneurial Biopharmaceutical Firms},
  author	= {Xia, Tianjiao and Roper, Stephen},
  journal	= {Journal of Small Business Management},
  year		= {2016},
  publisher	= {Wiley Online Library}
}

@Manual{	  butts2016sna,
  title		= {sna: Tools for Social Network Analysis},
  author	= {Carter T. Butts},
  year		= {2020},
  note		= {R package version 2.6},
  url		= {https://CRAN.R-project.org/package=sna}
}

@Article{	  llopis2016understanding,
  title		= {Understanding the climate--knowledge sharing relation: The
		  moderating roles of intrinsic motivation and job autonomy},
  author	= {Llopis, Oscar and Foss, Nicolai J},
  journal	= {European Management Journal},
  volume	= {34},
  number	= {2},
  pages		= {135--144},
  year		= {2016},
  publisher	= {Elsevier}
}

@Article{	  zobel2016benefiting,
  author	= {Zobel, Ann-Kristin},
  title		= {Benefiting from Open Innovation: A Multidimensional Model
		  of Absorptive Capacity},
  journal	= {Journal of Product Innovation Management},
  year		= {2016},
  publisher	= {Wiley Online Library},
  volume	= {34},
  number	= {3},
  pages		= {269--288}
}

@Article{	  everett2016bridging,
  title		= {Bridging, brokerage and betweenness},
  author	= {Everett, Martin G and Valente, Thomas W},
  journal	= {Social Networks},
  volume	= {44},
  pages		= {202--208},
  year		= {2016},
  publisher	= {Elsevier}
}

@Article{	  xia2016unpacking,
  title		= {Unpacking Open Innovation: Absorptive Capacity,
		  Exploratory and Exploitative Openness, and the Growth of
		  Entrepreneurial Biopharmaceutical Firms},
  author	= {Xia, Tianjiao and Roper, Stephen},
  journal	= {Journal of Small Business Management},
  year		= {2016},
  publisher	= {Wiley Online Library}
}

@Article{	  mohajan2016sharing,
  author	= {Mohajan, Haradhan Kumar},
  title		= {Sharing of Tacit Knowledge in Organizations: A Review},
  journal	= { American Journal of Computer Science and Engineering},
  year		= {2016},
  volume	= {3},
  number	= {2},
  pages		= {6--19}
}

@Article{	  burke2016temporary,
  author	= {Burke, Catriona M and Morley, Michael J},
  title		= {On temporary organizations: A review, synthesis and
		  research agenda},
  journal	= {Human Relations},
  year		= {2016},
  volume	= {69},
  number	= {6},
  pages		= {1235--1258},
  publisher	= {Sage Publications}
}

@Article{	  erdos1959random,
  title		= {On random graphs},
  author	= {Erd{\H{o}}s, Paul and R{\'e}nyi, Alfr{\'e}d},
  journal	= {Publicationes Mathematicae},
  volume	= {6},
  pages		= {290--297},
  year		= {1959}
}

@Article{	  holland1981exponential,
  author	= {Holland, Paul W and Leinhardt, Samuel},
  title		= {An exponential family of probability distributions for
		  directed graphs},
  journal	= {Journal of the American Statistical Association},
  year		= {1981},
  volume	= {76},
  number	= {373},
  pages		= {33--50},
  publisher	= {Taylor \\& Francis}
}

@Manual{	  pedersen2019ggraph,
  title		= {ggraph: An Implementation of Grammar of Graphics for
		  Graphs and Networks},
  author	= {Thomas Lin Pedersen},
  year		= {2019},
  note		= {R package version 2.0.0},
  url		= {https://CRAN.R-project.org/package=ggraph}
}

@Article{	  burt2004structural,
  author	= {Burt, Ronald S},
  title		= {Structural holes and good ideas},
  journal	= {American Journal of Sociology},
  year		= {2004},
  volume	= {110},
  number	= {2},
  pages		= {349--399},
  publisher	= {JSTOR}
}

@Article{	  garud1997distinction,
  author	= {garud, Raghu},
  title		= {On the distinction between know-how, know-why, and
		  know-what},
  journal	= {Advances in Strategic Management},
  year		= {1997},
  volume	= {14},
  pages		= {81--101}
}

@Article{	  giddings2006mixed,
  title		= {Mixed-methods research: Positivism dressed in drag?},
  author	= {Giddings, Lynne S},
  journal	= {Journal of research in nursing},
  volume	= {11},
  number	= {3},
  pages		= {195--203},
  year		= {2006},
  publisher	= {Sage Publications London, Thousand Oaks and New Delhi}
}

@Book{		  russell2009human,
  title		= {Human knowledge: Its scope and limits},
  author	= {Russell, Bertrand},
  year		= {2009},
  publisher	= {Routledge}
}

@Book{		  bhaskar2013realist,
  title		= {A realist theory of science},
  author	= {Bhaskar, Roy},
  year		= {2013},
  publisher	= {Routledge}
}

@Article{	  grigoriou2014structural,
  title		= {Structural microfoundations of innovation the role of
		  relational stars},
  author	= {Grigoriou, Konstantinos and Rothaermel, Frank T},
  journal	= {Journal of Management},
  volume	= {40},
  number	= {2},
  pages		= {586--615},
  year		= {2014},
  publisher	= {Sage Publications}
}

@Article{	  wynn2012principles,
  title		= {Principles for conducting critical realist case study
		  research in information systems},
  author	= {Wynn, Donald and Williams, Clay K},
  journal	= {MIS Quarterly},
  volume	= {36},
  number	= {3},
  pages		= {787--810},
  year		= {2012},
  publisher	= {Society for Information Management and The Management
		  Information Systems Research Center}
}

@Article{	  gama2019managing,
  title		= {Managing collaborative ideation: The role of formal and
		  informal appropriability mechanisms},
  author	= {Gama, F{\'a}bio},
  journal	= {International Entrepreneurship and Management Journal},
  volume	= {15},
  number	= {1},
  pages		= {97--118},
  year		= {2019},
  publisher	= {Springer}
}

@Article{	  terhorst2018tacit,
  title		= {Tacit Knowledge Sharing in Open Innovation Projects},
  author	= {Terhorst, Andrew and Lusher, Dean and Bolton, Dianne and
		  Elsum, Ian and Wang, Peng},
  journal	= {Project Management Journal},
  volume	= {49},
  number	= {4},
  pages		= {5--19},
  year		= {2018},
  publisher	= {Sage Publications Sage CA: Los Angeles, CA}
}

@Article{	  grosser2019measuring,
  title		= {Measuring mediation and separation brokerage orientations:
		  A further step toward studying the social network brokerage
		  process},
  author	= {Grosser, Travis J and Obstfeld, David and Labianca,
		  Giuseppe and Borgatti, Stephen P},
  journal	= {Academy of Management Discoveries},
  volume	= {5},
  number	= {2},
  pages		= {114--136},
  year		= {2019},
  publisher	= {Academy of Management Briarcliff Manor, NY}
}

@Article{	  kwon2020network,
  title		= {Network brokerage: An integrative review and future
		  research agenda},
  author	= {Kwon, Seok-Woo and Rondi, Emanuela and Levin, Daniel Z and
		  De Massis, Alfredo and Brass, Daniel J},
  journal	= {Journal of Management},
  volume	= {46},
  number	= {6},
  pages		= {1092--1120},
  year		= {2020},
  publisher	= {SAGE Publications Sage CA: Los Angeles, CA}
}

@Book{		  coleman1990foundations,
  author	= {Coleman, James S},
  title		= {Foundations of Social Theory.},
  publisher	= {Harvard University Press},
  year		= {1990}
}

@Article{	  mullins2002its,
  author	= {Mullins, Gerry and Kiley, Margaret},
  title		= {'It's a PhD, not a Nobel Prize': how experienced examiners
		  assess research theses},
  journal	= {Studies in higher education},
  year		= {2002},
  volume	= {27},
  number	= {4},
  pages		= {369--386},
  publisher	= {Taylor \\& Francis Group}
}

@Article{	  zhang2020extended,
  author	= {Zhang, Zhenyu and Huang, Fang},
  title		= {An extended SECI model to incorporate inter-organisational
		  knowledge flows and open innovation},
  journal	= {International Journal of Knowledge Management Studies},
  year		= {2020},
  volume	= {11},
  number	= {4},
  pages		= {408--419},
  publisher	= {Inderscience Publishers }
}

@Article{	  singh2019territoriality,
  title		= {Territoriality, task performance, and workplace deviance:
		  Empirical evidence on role of knowledge hiding},
  author	= {Singh, Sanjay Kumar},
  journal	= {Journal of Business Research},
  volume	= {97},
  pages		= {10--19},
  year		= {2019},
  publisher	= {Elsevier}
}

@Article{	  gubbins2021delineating,
  title		= {Delineating the tacit knowledge-seeking phase of knowledge
		  sharing: The influence of relational social capital
		  components},
  author	= {Gubbins, Claire and Dooley, Lawrence},
  journal	= {Human Resource Development Quarterly},
  year		= {2021},
  publisher	= {Wiley Online Library}
}

@Article{	  shao2017charismatic,
  title		= {Charismatic leadership and tacit knowledge sharing in the
		  context of enterprise systems learning: the mediating
		  effect of psychological safety climate and intrinsic
		  motivation},
  author	= {Shao, Zhen and Feng, Yuqiang and Wang, Tienan},
  journal	= {Behaviour \& Information Technology},
  volume	= {36},
  number	= {2},
  pages		= {194--208},
  year		= {2017},
  publisher	= {Taylor \& Francis}
}

@Article{	  hau2013effects,
  title		= {The effects of individual motivations and social capital
		  on employees’ tacit and explicit knowledge sharing
		  intentions},
  author	= {Hau, Yong Sauk and Kim, Byoungsoo and Lee, Heeseok and
		  Kim, Young-Gul},
  journal	= {International Journal of Information Management},
  volume	= {33},
  number	= {2},
  pages		= {356--366},
  year		= {2013},
  publisher	= {Elsevier}
}

@Article{	  van2018motivational,
  author	= {Van Wingerden, Jessica and Van der Stoep, Joost},
  title		= {The motivational potential of meaningful work:
		  Relationships with strengths use, work engagement, and
		  performance},
  journal	= {PloS one},
  year		= {2018},
  volume	= {13},
  number	= {6},
  pages		= {e0197599},
  publisher	= {Public Library of Science San Francisco, CA USA}
}

@Article{	  aspers2019qualitative,
  title		= {What is qualitative in qualitative research},
  author	= {Aspers, Patrik and Corte, Ugo},
  journal	= {Qualitative sociology},
  volume	= {42},
  number	= {2},
  pages		= {139--160},
  year		= {2019},
  publisher	= {Springer}
}

@Article{	  mohajan2016sharing,
  title		= {Sharing of tacit knowledge in organizations: A Review},
  author	= {Mohajan, Haradhan},
  year		= {2016}
}

@Article{	  garrety2004integrating,
  title		= {Integrating communities of practice in technology
		  development projects},
  author	= {Garrety, Karin and Robertson, Paul L and Badham, Richard},
  journal	= {International Journal of Project Management},
  volume	= {22},
  number	= {5},
  pages		= {351--358},
  year		= {2004},
  publisher	= {Elsevier}
}

@Article{	  yildiz2019fosters,
  title		= {What fosters individual-level absorptive capacity in MNCs?
		  An extended motivation--ability--opportunity framework},
  author	= {Yildiz, H Emre and Murtic, Adis and Zander, Udo and
		  Richtn{\'e}r, Anders},
  journal	= {Management International Review},
  volume	= {59},
  number	= {1},
  pages		= {93--129},
  year		= {2019},
  publisher	= {Springer}
}

@Article{	  richters2011trust,
  title		= {Trust transitivity in social networks},
  author	= {Richters, Oliver and Peixoto, Tiago P},
  journal	= {PloS one},
  volume	= {6},
  number	= {4},
  pages		= {e18384},
  year		= {2011},
  publisher	= {Public Library of Science}
}

@Article{	  sherchan2013survey,
  title		= {A survey of trust in social networks},
  author	= {Sherchan, Wanita and Nepal, Surya and Paris, Cecile},
  journal	= {ACM Computing Surveys (CSUR)},
  volume	= {45},
  number	= {4},
  pages		= {1--33},
  year		= {2013},
  publisher	= {ACM New York, NY, USA}
}

@InCollection{	  deci1985conceptualizations,
  title		= {Conceptualizations of intrinsic motivation and
		  self-determination},
  author	= {Deci, Edward L and Ryan, Richard M},
  booktitle	= {Intrinsic motivation and self-determination in human
		  behavior},
  pages		= {11--40},
  year		= {1985},
  publisher	= {Springer}
}

@Article{	  jasny2015two,
  title		= {Two-mode brokerage in policy networks},
  author	= {Jasny, Lorien and Lubell, Mark},
  journal	= {Social Networks},
  volume	= {41},
  pages		= {36--47},
  year		= {2015},
  publisher	= {Elsevier}
}

@Article{	  norman2014incremental,
  title		= {Incremental and radical innovation: Design research vs.
		  technology and meaning change},
  author	= {Norman, Donald A and Verganti, Roberto},
  journal	= {Design issues},
  volume	= {30},
  number	= {1},
  pages		= {78--96},
  year		= {2014},
  publisher	= {MIT Press}
}

@Article{	  ettlie1984organization,
  title		= {Organization strategy and structural differences for
		  radical versus incremental innovation},
  author	= {Ettlie, John E and Bridges, William P and O'keefe, Robert
		  D},
  journal	= {Management science},
  volume	= {30},
  number	= {6},
  pages		= {682--695},
  year		= {1984},
  publisher	= {INFORMS}
}

@Article{	  haigh2019developing,
  title		= {Developing a critical realist informed framework to
		  explain how the human rights and social determinants of
		  health relationship works},
  author	= {Haigh, Fiona and Kemp, Lynn and Bazeley, Patricia and
		  Haigh, Neil},
  journal	= {BMC public health},
  volume	= {19},
  number	= {1},
  pages		= {1--12},
  year		= {2019},
  publisher	= {BioMed Central}
}

@Article{	  welch2011theorising,
  title		= {Theorising from case studies: Towards a pluralist future
		  for international business research},
  author	= {Welch, Catherine and Piekkari, Rebecca and Plakoyiannaki,
		  Emmanuella and Paavilainen-M{\"a}ntym{\"a}ki, Eriikka},
  journal	= {Journal of international business studies},
  volume	= {42},
  number	= {5},
  pages		= {740--762},
  year		= {2011},
  publisher	= {Springer}
}

@InBook{	  stake2005qualitative,
  author	= {Stake, Robert E},
  title		= {Qualitative case studies},
  year		= {2005},
  publisher	= {Sage Publications Ltd},
  booktitle	= {Handbook of Qualitative Research},
  chapter	= {17},
  editor	= {Denzin, NK and Lincoln YS},
  pages		= {443 -- 466}
}

@InBook{	  ragin2009reflections,
  author	= {Ragin, Charles C},
  title		= {Reflections on casing and case-oriented research},
  booktitle	= {The Sage handbook of case-based methods},
  year		= {2009},
  publisher	= {Sage Publications London, UK},
  chapter	= {31},
  editor	= {Byrne, David and Ragin, Charles C},
  pages		= {522--534}
}

@Article{	  crowe2011case,
  title		= {The case study approach},
  author	= {Crowe, Sarah and Cresswell, Kathrin and Robertson, Ann and
		  Huby, Guro and Avery, Anthony and Sheikh, Aziz},
  journal	= {BMC medical research methodology},
  volume	= {11},
  number	= {1},
  pages		= {1--9},
  year		= {2011},
  publisher	= {Springer}
}

@Article{	  sweet2012testing,
  title		= {Testing and integrating self-determination theory and
		  self-efficacy theory in a physical activity context.},
  author	= {Sweet, Shane N and Fortier, Michelle S and Strachan,
		  Shaelyn M and Blanchard, Chris M},
  journal	= {Canadian Psychology/Psychologie Canadienne},
  volume	= {53},
  number	= {4},
  pages		= {319},
  year		= {2012},
  publisher	= {Educational Publishing Foundation}
}

@Article{	  suominen2021gold,
  title		= {‘Gold’,‘Ribbon’or ‘Puzzle’: What motivates
		  researchers to work in Research and Technology
		  Organizations},
  author	= {Suominen, Arho and Kauppinen, Henni and Hyytinen, Kirsi},
  journal	= {Technological Forecasting and Social Change},
  volume	= {170},
  pages		= {120882},
  year		= {2021},
  publisher	= {Elsevier}
}

@Article{	  ryan2014work,
  title		= {The work motivation of research scientists and its effect
		  on research performance},
  author	= {Ryan, James C},
  journal	= {R\&D Management},
  volume	= {44},
  number	= {4},
  pages		= {355--369},
  year		= {2014},
  publisher	= {Wiley Online Library}
}

@Article{	  jagosh2020retroductive,
  title		= {Retroductive theorizing in Pawson and Tilley's applied
		  scientific realism},
  author	= {Jagosh, Justin},
  journal	= {Journal of Critical Realism},
  volume	= {19},
  number	= {2},
  pages		= {121--130},
  year		= {2020},
  publisher	= {Taylor \& Francis}
}

@Article{	  longo2017struggling,
  title		= {Struggling with agency problems in open innovation
		  ecosystem: corporate policies in innovation hub},
  author	= {Longo, Maria Cristina and Giaccone, Sonia Caterina},
  journal	= {The TQM Journal},
  year		= {2017},
  publisher	= {Emerald Publishing Limited}
}

@Article{	  howells1996tacit,
  title		= {Tacit knowledge},
  author	= {Howells, Jeremy},
  journal	= {Technology analysis \& strategic management},
  volume	= {8},
  number	= {2},
  pages		= {91--106},
  year		= {1996},
  publisher	= {Taylor \& Francis}
}

@Article{	  obrenovic2020enjoyment,
  title		= {The enjoyment of knowledge sharing: Impact of altruism on
		  tacit knowledge-sharing behavior},
  author	= {Obrenovic, Bojan and Jianguo, Du and Tsoy, Diana and
		  Obrenovic, Slobodan and Khan, Muhammad Aamir Shafique and
		  Anwar, Farooq},
  journal	= {Frontiers in Psychology},
  volume	= {11},
  pages		= {1496},
  year		= {2020},
  publisher	= {Frontiers}
}

@Article{	  alsharo2017virtual,
  title		= {Virtual team effectiveness: The role of knowledge sharing
		  and trust},
  author	= {Alsharo, Mohammad and Gregg, Dawn and Ramirez, Ronald},
  journal	= {Information \& Management},
  volume	= {54},
  number	= {4},
  pages		= {479--490},
  year		= {2017},
  publisher	= {Elsevier}
}

@Article{	  kankanhalli2005contributing,
  title		= {Contributing knowledge to electronic knowledge
		  repositories: An empirical investigation},
  author	= {Kankanhalli, Atreyi and Tan, Bernard CY and Wei,
		  Kwok-Kee},
  journal	= {MIS quarterly},
  pages		= {113--143},
  year		= {2005},
  publisher	= {JSTOR}
}

@Article{	  zhang2016critical,
  title		= {Critical factors affecting tacit-knowledge sharing within
		  the integrated project team},
  author	= {Zhang, Lianying and He, Jing},
  journal	= {Journal of Management in Engineering},
  volume	= {32},
  number	= {2},
  pages		= {04015045},
  year		= {2016},
  publisher	= {American Society of Civil Engineers}
}

@InCollection{	  hubrich2015embodiment,
  title		= {Embodiment of Tacit Knowledge},
  author	= {Hubrich, Michael},
  booktitle	= {Revealing Tacit Knowledge},
  pages		= {41--60},
  year		= {2015},
  publisher	= {transcript-Verlag}
}

@Manual{	  dahl2019xtable,
  title		= {xtable: Export Tables to LaTeX or HTML},
  author	= {David B. Dahl and David Scott and Charles Roosen and Arni
		  Magnusson and Jonathan Swinton},
  year		= {2019},
  note		= {R package version 1.8-4},
  url		= {https://CRAN.R-project.org/package=xtable}
}

@Article{	  shannon2016making,
  title		= {Making paradigms meaningful in mixed methods research},
  author	= {Shannon-Baker, Peggy},
  journal	= {Journal of Mixed Methods Research},
  volume	= {10},
  number	= {4},
  pages		= {319--334},
  year		= {2016},
  publisher	= {SAGE Publications }
}

@TechReport{	  hedlund2002tacit,
  author	= {Hedlund, Jennifer and Antonakis, John and Sternberg,
		  Robert J},
  title		= {Tacit knowledge and practical intelligence: Understanding
		  the lessons of experience},
  institution	= {Army Research Institute for The Behavioral And Social
		  Sciences },
  year		= {2002},
  address	= {Alexandria VA, USA}
}

@Article{	  yun2016network,
  title		= {Network analysis of open innovation},
  author	= {Yun, JinHyo Joseph and Jeong, EuiSeob and Park, JinSeu},
  journal	= {Sustainability},
  volume	= {8},
  number	= {8},
  pages		= {729},
  year		= {2016},
  publisher	= {Multidisciplinary Digital Publishing Institute}
}

@Article{	  martinez2014analysis,
  title		= {Analysis of open innovation communities from the
		  perspective of social network analysis},
  author	= {Mart{\'\i}nez-Torres, M Roc{\'\i}o},
  journal	= {Technology Analysis \& Strategic Management},
  volume	= {26},
  number	= {4},
  pages		= {435--451},
  year		= {2014},
  publisher	= {Taylor \& Francis}
}

@InCollection{	  senker2008contribution,
  title		= {The contribution of tacit knowledge to innovation},
  author	= {Senker, Jacqueline},
  booktitle	= {Cognition, communication and interaction},
  pages		= {376--392},
  year		= {2008},
  publisher	= {Springer}
}

@Article{	  wenger2000communities,
  title		= {Communities of practice: The organizational frontier},
  author	= {Wenger, Etienne C and Snyder, William M},
  journal	= {Harvard business review},
  volume	= {78},
  number	= {1},
  pages		= {139--146},
  year		= {2000}
}

@Article{	  bigliardi2021past,
  title		= {The past, present and future of open innovation},
  author	= {Bigliardi, Barbara and Ferraro, Giovanna and Filippelli,
		  Serena and Galati, Francesco},
  journal	= {European Journal of Innovation Management},
  year		= {2021},
  publisher	= {Emerald Publishing Limited}
}

@Article{	  nunes2020managing,
  title		= {Managing open innovation project risks based on a social
		  network analysis perspective},
  author	= {Nunes, Marco and Abreu, Antonio},
  journal	= {Sustainability},
  volume	= {12},
  number	= {8},
  pages		= {3132},
  year		= {2020},
  publisher	= {Multidisciplinary Digital Publishing Institute}
}

@Article{	  lee2019does,
  title		= {How does open innovation lead competitive advantage? A
		  dynamic capability view perspective},
  author	= {Lee, Kibaek and Yoo, Jaeheung},
  journal	= {PloS one},
  volume	= {14},
  number	= {11},
  pages		= {e0223405},
  year		= {2019},
  publisher	= {Public Library of Science San Francisco, CA USA}
}

@Article{	  jackson2020fostering,
  title		= {Fostering sustainable innovation through creative
		  destruction theory},
  author	= {Jackson, Emerson Abraham},
  year		= {2020}
}

@Article{	  schepis2021facilitating,
  title		= {Facilitating open innovation processes through network
		  orchestration mechanisms},
  author	= {Schepis, Daniel and Purchase, Sharon and Butler, Bella},
  journal	= {Industrial Marketing Management},
  volume	= {93},
  pages		= {270--280},
  year		= {2021},
  publisher	= {Elsevier}
}

@Article{	  lusher2020advances,
  title		= {Advances in Exponential Random Graph Models},
  author	= {Lusher, Dean and Wang, Peng and Brennecke, Julia and
		  Brailly, Julien and Faye, Malick and Gallagher, Colin},
  journal	= {The Oxford Handbook of Social Networks},
  pages		= {234},
  year		= {2020},
  publisher	= {Oxford University Press}
}

@Article{	  barnes2020social,
  title		= {Social determinants of adaptive and transformative
		  responses to climate change},
  author	= {Barnes, Michele L and Wang, Peng and Cinner, Joshua E and
		  Graham, Nicholas AJ and Guerrero, Angela M and Jasny,
		  Lorien and Lau, Jacqueline and Sutcliffe, Sarah R and
		  Zamborain-Mason, Jessica},
  journal	= {Nature Climate Change},
  volume	= {10},
  number	= {9},
  pages		= {823--828},
  year		= {2020},
  publisher	= {Nature Publishing Group}
}

@Article{	  chiambaretto2019all,
  title		= {“All for One and One for All?”-Knowledge broker roles
		  in managing tensions of internal coopetition: The Ubisoft
		  case},
  author	= {Chiambaretto, Paul and Mass{\'e}, David and Mirc, Nicola},
  journal	= {Research Policy},
  volume	= {48},
  number	= {3},
  pages		= {584--600},
  year		= {2019},
  publisher	= {Elsevier}
}

@Article{	  oberg2019openness,
  title		= {The openness of open innovation in ecosystems--Integrating
		  innovation and management literature on knowledge
		  linkages},
  author	= {{\"O}berg, Christina and Alexander, Allen T},
  journal	= {Journal of Innovation \& Knowledge},
  volume	= {4},
  number	= {4},
  pages		= {211--218},
  year		= {2019},
  publisher	= {Elsevier}
}

@Article{	  bogers2018human,
  title		= {The “human side” of open innovation: The role of
		  employee diversity in firm-level openness},
  author	= {Bogers, Marcel and Foss, Nicolai J and Lyngsie, Jacob},
  journal	= {Research Policy},
  volume	= {47},
  number	= {1},
  pages		= {218--231},
  year		= {2018},
  publisher	= {Elsevier}
}

@Article{	  kokshagina2017fast,
  title		= {Fast-connecting search practices: On the role of open
		  innovation intermediary to accelerate the absorptive
		  capacity},
  author	= {Kokshagina, Olga and Le Masson, Pascal and Bories,
		  Florent},
  journal	= {Technological Forecasting and Social Change},
  volume	= {120},
  pages		= {232--239},
  year		= {2017},
  publisher	= {Elsevier}
}

@InCollection{	  goller2017human,
  title		= {Human agency at work: Towards a clarification and
		  operationalisation of the concept},
  author	= {Goller, Michael and Harteis, Christian},
  booktitle	= {Agency at work},
  pages		= {85--103},
  year		= {2017},
  publisher	= {Springer}
}

@Article{	  liu2021more,
  title		= {The more, the better? The effect of feedback and user's
		  past successes on idea implementation in open innovation
		  communities},
  author	= {Liu, Qian and Yang, Zhengfa and Cai, Xiaofang and Du,
		  Qianzhou and Fan, Weiguo},
  journal	= {Journal of the Association for Information Science and
		  Technology},
  year		= {2021},
  publisher	= {Wiley Online Library}
}

@Article{	  al2021understanding,
  title		= {Understanding employees' innovative work behavior through
		  interactionist perspective: the effects of working style,
		  supportive noncontrolling supervision and job complexity},
  author	= {Al-Ghazali, Basheer M},
  journal	= {European Journal of Innovation Management},
  year		= {2021},
  publisher	= {Emerald Publishing Limited}
}

@Article{	  grosser2019measuring,
  title		= {Measuring mediation and separation brokerage orientations:
		  A further step toward studying the social network brokerage
		  process},
  author	= {Grosser, Travis J and Obstfeld, David and Labianca,
		  Giuseppe and Borgatti, Stephen P},
  journal	= {Academy of Management Discoveries},
  volume	= {5},
  number	= {2},
  pages		= {114--136},
  year		= {2019},
  publisher	= {Academy of Management Briarcliff Manor, NY}
}

@InCollection{	  kalish2013brain,
  author	= {Kalish, Yuval and Luria, Gil},
  title		= {Brain, brawn, or optimism? Structure and correlates of
		  emergent military leadership},
  year		= {2013},
  pages		= {226--236},
  publisher	= {Cambridge University Press New York, NY},
  booktitle	= {Exponential random graph models for social networks},
  editor	= {Lusher, D and Koskinen, J}
}

@Article{	  yin2020measuring,
  title		= {Measuring directed triadic closure with closure
		  coefficients},
  author	= {Yin, Hao and Benson, Austin R and Ugander, Johan},
  journal	= {Network Science},
  volume	= {8},
  number	= {4},
  pages		= {551--573},
  year		= {2020},
  publisher	= {Cambridge University Press}
}

@Article{	  thomas2021tacit,
  title		= {Tacit knowledge in organizations: bibliometrics and a
		  framework-based systematic review of antecedents, outcomes,
		  theories, methods and future directions},
  author	= {Thomas, Asha and Gupta, Vikas},
  journal	= {Journal of Knowledge Management},
  year		= {2021},
  publisher	= {Emerald Publishing Limited}
}

@InCollection{	  edwards2017working,
  title		= {Working relationally on complex problems: Building
		  capacity for joint agency in new forms of work},
  author	= {Edwards, Anne and Montecinos, Carmen and C{\'a}diz,
		  Jennifer and Jorratt, Paloma and Manriquez, Lizette and
		  Rojas, Carolina},
  booktitle	= {Agency at work},
  pages		= {229--247},
  year		= {2017},
  publisher	= {Springer}
}

@Article{	  rempel1985trust,
  title		= {Trust in close relationships.},
  author	= {Rempel, J.K. and Holmes, J.G. and Zanna, M.P.},
  journal	= {Journal of personality and social psychology},
  volume	= {49},
  number	= {1},
  pages		= {95},
  year		= {1985},
  publisher	= {American Psychological Association}
}
